2684 4830
234 336 336 383 xxxvl
596 313 939 382 DISSERTATIO

233 445 319 533 Sed,
337 459 410 538 quae
423 458 473 513 est
486 445 572 512 inter
587 445 697 514 varios
708 445 854 513 Terentii
867 443 1104 513 detrectatores
1115 469 1308 541 repugnan-

233 554 296 639 tia,
321 575 389 620 non
418 550 607 646 Scipionem
630 549 777 620 afferunt
801 551 900 643 hujus
929 549 1098 620 comoediae
1120 566 1307 623 auctorem.

233 658 427 742 Suetonius,
449 656 508 748 qui
528 654 674 725 diversas
689 658 862 752 opiniones
877 670 1061 743 memorat,
1081 657 1116 725 iu
1133 672 1308 746 neutram,

230 778 268 834 ut
286 761 385 842 solet,
405 774 535 856 partem
554 760 731 847 inclinans,
749 759 869 831 dicit¹:
895 790 912 826 α
924 764 962 831 C.
977 761 1116 831 Laelium
1134 765 1306 857 quondam

230 872 266 940 in
286 865 488 954 Puteolano,
502 864 565 935 lral.
584 866 732 937 martiis²
752 867 959 938 admonitum
977 867 1019 935 ab
1036 893 1156 959 uxore,
1170 885 1306 966 tempo-

231 977 302 1045 rius
317 989 357 1043 ut
371 972 610 1054 discumberet,
634 974 766 1068 petiisse
785 975 827 1042 ab
845 997 884 1042 ea
901 998 944 1042 ne
960 973 1305 1068 interpellaretur&-

230 1083 300 1150 rius
323 1079 458 1150 tandem
472 1079 671 1173 'ingressum
687 1079 888 1166 triclinium,
906 1078 1045 1167 dixisse,
1071 1104 1140 1150 non
1161 1082 1249 1178 saepe
1270 1086 1305 1153 iu

231 1185 407 1258 scribendo
427 1185 532 1279 magis
549 1186 746 1255 successisse
764 1186 846 1254 sibi:
861 1183 979 1254 deinde
1001 1200 1136 1280 rogatus
1162 1202 1202 1257 ut
1223 1192 1304 1259 scri·

229 1307 287 1388 pta
296 1290 351 1360 illa
367 1288 550 1385 proferret,
566 1293 799 1385 pronuntiasse
819 1314 934 1361 versus
959 1292 1017 1384 qui
1042 1293 1175 1362 suntin
1196 1298 1303 1366 Heau-

230 1413 529 1469 tonumorumeno:

282 1506 368 1574 Satis
402 1499 478 1598 poll
509 1517 665 1597 proterve
691 1528 746 1573 me
776 1504 850 1599 Syri
874 1505 1036 1599 promissa
1063 1504 1131 1575 huc
1161 1506 1300 1578 induxe-

229 1624 346 1680 runt.»

284 1717 506 1788 Admittamus
539 1716 785 1814 aliquantisper,
818 1743 933 1792 veram
964 1743 1035 1788 esse
1068 1718 1156 1788 hanc
1191 1719 1298 1790 histo·

232 1817 433 1908 riunculam,
460 1847 537 1894 cum
560 1825 712 1894 Dacieria
733 1811 744 1849 ³
774 1827 846 1920 ipsa
865 1826 1049 1921 poterimus
1070 1825 1298 1919 respondere:

234 1960 254 1996 α
269 1933 363 1999 Dans
387 1929 433 1999 les
457 1931 567 2024 pieces
590 1930 632 1999 de
654 1929 804 2001 Moliere‘
817 1957 859 2000 ne
883 1933 1119 2000 trouveraiton
1141 1955 1202 2026 pas
1223 1932 1299 2002 bien

232 2035 416 2131 «quelques
431 2061 505 2105 vers
517 2061 581 2131 que
594 2062 646 2106 ses
658 2038 741 2106 amis
751 2039 901 2106 auraient
914 2037 988 2107 faits
1005 2063 1092 2135 pour
1101 2033 1163 2107 lui!
1174 2040 1301 2133 Cepen·

234 2143 342 2210 «dant
361 2141 491 2212 s’est-on
507 2143 624 2235 jamais
642 2143 730 2211 avise
743 2143 784 2212 de
803 2143 874 2213 dire
888 2167 953 2238 que
971 2168 1027 2213 ces
1041 2145 1149 2239 pieces
1164 2169 1207 2214 ne
1226 2159 1300 2217 sont

234 2273 320 2343 «pas
338 2248 379 2317 dc
394 2246 557 2318 Molidre?
572 2277 589 2312 »
1188 2244 1192 2251 ’

283 2358 329 2423 Et
344 2379 445 2441 nunc,
462 2369 499 2422 ut
507 2354 705 2422 narrationis
720 2354 822 2448 ipsius
835 2354 935 2424 fidem
950 2355 1193 2450 aggrediamur,
1203 2356 1299 2426 inda·

232 2485 310 2556 gare
334 2459 472 2529 velimus
494 2483 559 2554 qua
581 2460 709 2528 ratione
726 2460 769 2528 ad
793 2486 854 2530 nos
873 2486 911 2530 ea
932 2463 1129 2556 pervenerit.
1150 2464 1299 2533 Primum

233 2569 337 2635 vitam
345 2566 433 2635 hanc
439 2566 585 2634 Terentii
598 2567 940 2659 quamSuetonianam
950 2566 1061 2662 plures
1074 2592 1146 2637 esse
1160 2584 1297 2638 conten·

231 2673 332 2759 dunt,
349 2671 403 2740 alii
424 2675 577 2758 Donato,
602 2687 637 2741 et
663 2673 762 2741 etiam
784 2674 910 2742 incerto
941 2676 1069 2743 auctori
1094 2672 1298 2744 adscribunt.

231 2779 362 2848 Deinde
376 2778 475 2871 hujus
495 2779 572 2846 vitae
594 2793 727 2866 auctor,
740 2780 939 2874 quicumque
958 2780 1014 2867 sit,
1029 2805 1097 2849 non
1118 2805 1160 2848 ex
1177 2807 1212 2850 se
1227 2783 1299 2878 ipso

176 2898 178 2903 “
230 2884 311 2954 illud
324 2884 444 2967 refert,
469 2882 587 2952 sodex
609 2884 752 2978 quodam
781 2885 926 2954 Cornelii
949 2885 1088 2980 Nepotis
1108 2911 1229 2981 opere,
1257 2889 1299 2957 ad
1318 2952 1326 2963 ,

229 2991 320 3086 quod
330 2990 501 3060 vetustatis
517 2990 635 3085 injuria
649 3015 821 3059 recurrere
836 3016 905 3060 non
924 2993 1009 3060 sinit.
1024 2994 1177 3087 Denique
1191 3018 1212 3062 a
1231 3020 1299 3088 quo

229 3093 493 3166 illudCornelius
508 3109 730 3189 compererat,
740 3097 914 3165 incertum.
923 3101 1001 3169 Non
1013 3123 1093 3193 ergo
1103 3102 1182 3169 satis
1193 3102 1299 3196 probe

231 3203 351 3273 tradita
366 3227 419 3271 res
434 3216 501 3286 est,
518 3217 556 3270 ut
572 3200 662 3270 credi
678 3201 805 3270 debeat.
1305 3198 1310 3214 ’

282 3307 375 3398 Doni
388 3322 520 3394 contra,
531 3310 566 3376 in
581 3308 682 3402 ipsius
695 3307 832 3401 hujusce
841 3311 1208 3380 Heautontimorumeni
1223 3337 1299 3407 pro

229 3415 326 3509 logo,
344 3416 455 3483 omnia
483 3413 625 3509 denegat
645 3416 818 3484 Terentius
843 3430 911 3484 tam
937 3419 1074 3503 acriter,
1094 3431 1133 3486 ut
1160 3420 1299 3489 omnino

228 3521 397 3590 refellatur
410 3518 571 3614 quidquid
585 3519 798 3589 confessionis
808 3522 843 3588 in
854 3520 1013 3618 Adelphis
1023 3522 1228 3617 deprehendi
1239 3551 1300 3621 pu·

228 3627 360 3715 tabant3
377 3625 467 3719 quod
484 3650 525 3694 ex
538 3627 617 3719 ipsis
632 3639 724 3720 patet
744 3627 876 3696 verbis:
1322 3628 1326 3633 ’

269 3811 337 3864 a-ln
348 3809 402 3862 rita
409 3809 537 3864 Terentii.
779 3809 924 3882 imperium
946 3808 1039 3877 domi,
1063 3810 1127 3865 viris
1161 3811 1293 3876 exclusis,

229 3888 231 3895 '
269 3910 296 3942 π.
316 3891 381 3942 Erat
404 3903 467 3944 tunc
490 3890 587 3943 festum
605 3888 735 3942 Matronis
779 3889 944 3944 exercebant.
979 3944 983 3951 ,

223 3969 341 4026 romanis
351 3967 464 4037 dictum3
476 3969 504 4023 in
517 3988 569 4040 qua
582 3969 680 4023 scilicet
690 3967 734 4022 die
820 3971 847 4026 3.
860 3971 891 4022 Iu
905 3969 974 4022 notis
988 3967 1021 4022 de
1034 3969 1087 4026 rita
1099 3969 1233 4026 Terentii.
