2684 4830
202 406 282 452 xxvl
532 386 786 458 TERENTII
814 390 948 457 VITA.

276 532 429 606 Iratusque
442 530 583 590 Chremes
594 532 705 591 tumido
719 532 850 610 delitigat
860 551 922 591 ore.

191 672 337 742 Nomina
355 687 466 742 autem
493 673 713 763 Fabularum,
732 678 801 746 sive
824 675 987 744 librorum
1014 673 1113 769 hujus
1130 656 1273 747 Comici

190 793 268 847 sunt
281 780 358 847 ista:
370 780 515 864 Andria,
529 782 730 871 Eunuchus,
742 783 1156 878 Heautontimorumenos,
1166 782 1268 852 Adel·

109 915 112 930 ν
198 885 296 978 phoe,
312 888 459 980 Hecyra,
476 887 646 959 Phormio.

374 1131 510 1220 run.
549 1132 868 1223 renuunt
909 1132 1092 1244 vim,

409 1355 472 1423 DE
485 1355 637 1427 DICTts
651 1355 694 1423 D.
709 1356 745 1422 F.
760 1354 1059 1442 PETRARCHAE,

197 1584 278 1644 QUAE
299 1584 361 1631 EST
380 1585 418 1632 tu
437 1585 608 1634 Ent‘ttottn
625 1583 898 1632 MEDIOLANENSI
919 1584 1009 1633 aneti
1031 1582 1272 1633 uccccmvt.

210 1750 214 1764 Ι
250 1779 307 1845 Dn
326 1776 472 1844 Terentii
492 1777 562 1845 vita
582 1776 616 1843 in
638 1776 780 1868 antiquis
802 1773 893 1843 libris
913 1773 1019 1844 multa
1042 1776 1274 1869 reperiuntur,

195 1880 293 1977 plura
310 1882 410 1951 etiam
428 1883 463 1949 in
482 1881 669 1968 modernis,
688 1883 811 1975 scripta
826 1906 887 1975 per
903 1882 1013 1950 varios
1034 1880 1272 1970 scholasticos,

197 2013 309 2056 rerum
323 1990 476 2082 ignaros:
492 2012 597 2082 eoque
614 1988 700 2056 veris
716 1986 797 2056 falsa
814 1988 1004 2056 miscentur.
1021 1986 1108 2056 Illud
1123 1990 1272 2082 primum

199 2097 246 2164 rei
272 2097 376 2164 totius
398 2094 660 2175 fundamentum.
685 2093 787 2162 Multi
808 2110 938 2187 ponunt
962 2095 1272 2189 Carthaginiensem

200 2203 306 2296 patria
320 2202 419 2271 fuisse
428 2204 629 2271 Terentium.
645 2200 748 2289 Quod
760 2199 852 2267 haud
864 2200 963 2268 dubie
975 2225 1092 2268 verum
1104 2216 1172 2288 est,
1185 2202 1272 2272 sicut

197 2309 404 2403 epitaphium
417 2308 488 2401 ejus
503 2307 590 2377 clare
604 2307 738 2376 indicat.
750 2306 914 2394 Quamvis
930 2307 996 2377 hoc
1013 2308 1121 2402 ipsum
1136 2308 1271 2401 quidam

198 2430 340 2511 negent,
358 2429 396 2484 ut
413 2414 550 2484 inferius
573 2415 707 2508 patebit.
726 2416 891 2486 Caeterum
909 2427 960 2498 et,
973 2414 1030 2507 qui
1049 2414 1115 2484 hoc
1134 2414 1273 2502 dicunt,

200 2547 281 2591 vero
296 2523 374 2591 huic
397 2519 515 2591 falsum
540 2519 622 2589 illud
643 2519 823 2615 implicant.
849 2521 979 2588 Dicunt
1000 2520 1091 2588 enim
1114 2522 1272 2614 Scipione

197 2630 533 2698 Romamrevertente
543 2652 658 2698 eversa
667 2626 1061 2721 Carthagine,interfecto
1069 2627 1266 2715 Hannibale,

199 2734 291 2805 hunc
310 2735 501 2804 Terentium
512 2737 598 2804 inter
611 2735 897 2827 ceteroscaptivos
906 2731 1052 2802 solutum
1067 2747 1100 2801 et
1112 2732 1272 2827 pileatum

127 2898 140 2913 .
195 2840 367 2910 incessisse
377 2854 452 2933 post
461 2840 697 2935 triumphalem
707 2841 868 2934 Scipionis
876 2864 1021 2909 currum.
1031 2837 1272 2928 Quaeresmul-

113 2942 115 2959 '
200 2945 357 3041 tipliciter
374 2969 393 3022 a
409 2948 548 3015 veritate
565 2960 693 3015 semoto
703 2960 762 3015 est.
778 2940 866 3016 Nam
881 2947 915 3013 in
930 2947 1046 3040 primis
1060 2948 1174 3040 Scipio
1186 2949 1273 3017 Car-

197 3054 368 3148 thaginem
392 3053 525 3146 quidem
545 3054 641 3135 vicit,
665 3067 698 3120 et
717 3052 926 3120 tributariam
951 3052 1043 3139 fecit,
1067 3078 1135 3121 non
1152 3055 1273 3123 evertit

196 3175 309 3230 tamen
324 3162 430 3252 ipsam
448 3159 707 3254 Carthaginem,
727 3158 785 3227 sed
795 3183 898 3252 nepos
916 3159 986 3252 ejus
995 3158 1182 3254 adoptivus,
1190 3159 1273 3229 Afri·

197 3290 300 3336 canus
314 3267 432 3334 minor.
448 3263 669 3333 Hannibalem
684 3279 843 3359 praeterea
859 3263 946 3333 bello
956 3266 1046 3353 vicit,
1061 3264 1271 3360 fugavitque,

200 3372 258 3443 sed
271 3361 666 3466 nequaquamintersecit.
682 3373 812 3465 Nempe
826 3372 884 3465 qui
896 3371 1004 3474 victus
1020 3373 1054 3440 in
1065 3372 1177 3441 Asiam
1194 3398 1273 3468 pro·

198 3481 302 3575 fugit,
319 3493 353 3548 et
372 3478 433 3546 sub
456 3477 623 3547 Antiocho
644 3502 721 3572 rege
734 3479 834 3572 Syriae
853 3477 998 3546 militans
1015 3478 1152 3548 consilio
1171 3492 1274 3572 atque

202 3608 304 3680 opera
321 3608 380 3654 sua
395 3599 430 3653 et
445 3584 697 3680 regispotentia
722 3609 848 3653 novum
873 3608 949 3653 cum
969 3586 1128 3654 Romanis
1147 3583 1274 3655 bellum

201 3693 311 3762 denuo
328 3691 437 3785 gessit.
457 3691 542 3779 Quae
556 3692 696 3761 historia
718 3691 892 3790 omnibus,
910 3691 966 3785 qui
987 3692 1021 3758 in
1037 3690 1157 3760 talibus
1173 3692 1274 3788 inge-

200 3801 294 3868 nium
308 3811 478 3884 exercent,
489 3795 677 3892 planissime
687 3812 768 3866 nota
776 3811 835 3866 est.
846 3797 977 3867 Deinde
986 3799 1148 3892 Scipionis
1159 3799 1275 3868 trium·

196 3906 331 4002 phantis
344 3928 480 3974 currum
494 3929 563 3973 non
574 3906 630 3974 hic
647 3906 820 3973 Terentius
833 3903 973 3998 pileatus
992 3919 1189 4000 prosecutus
1204 3920 1273 3991 est,

197 4013 254 4083 sed
272 4011 355 4082 alter
374 4010 472 4104 hujus
494 4013 657 4095 nominis,
676 4014 848 4081 Romanus
867 4011 967 4092 civis:
989 4025 1038 4098 et,
1061 4025 1100 4080 ut
1116 4008 1274 4082 Valerius
1292 4062 1296 4073 .
