2684 4830
238 340 304 453 nu
331 386 481 454 utens
508 386 551 452 n.
579 349 615 450 r'.
643 364 938 452 Puruaucnnss
1071 409 1130 455 m

61 492 164 559 tuisse.
185 492 326 559 Periisse
351 515 427 559 eum
451 492 486 558 in
510 488 671 576 Arcadia,
690 491 762 583 ipso
781 488 899 557 eodem
922 503 1005 558 teste
1022 492 1126 560 Euse-

60 597 127 684 bio,
147 610 267 665 notum
287 611 346 665 est
369 601 413 665 Et
430 598 464 664 in
481 597 596 690 primis
618 595 752 689 quidem
767 609 911 689 quatuor
929 596 1128 683 Comoediis,

60 701 182 772 scilieet
195 703 340 789 Andria,
353 703 534 788 Eunucho,
550 703 945 790 Heautontimorumeno,
959 700 1129 796 Adelphis,

60 809 283 878 Menandrum
313 811 528 878 Comicorum
554 809 738 903 principem
766 810 960 877 Graecorum
983 809 1131 877 imitatus

59 915 223 999 creditur3
245 914 337 1009 quod
361 930 394 985 et
416 916 557 984 rubricae
583 914 882 984 vetustissimorum
908 914 1061 983 codicum
1084 916 1132 982 in·

56 1036 177 1090 nuunt.
202 1023 296 1110 Quin
321 1036 451 1116 partem
478 1023 669 1115 scripturae,
696 1022 772 1114 quia
802 1018 877 1115 plus
907 1021 1130 1109 confusioniS,

56 1152 156 1222 quam
164 1126 249 1197 lucis
259 1127 385 1198 habere
391 1129 460 1197 visa
475 1142 540 1217 est,
554 1129 659 1196 sciens
671 1126 775 1196 omisi.
785 1130 937 1219 Innuunt
951 1141 985 1196 et
996 1125 1131 1222 Prologi
1162 1160 1170 1175 r

56 1233 195 1329 quidam
210 1236 245 1302 in
260 1232 393 1329 reliquis
408 1234 539 1303 duabus
552 1232 792 1329 Apollodorum
811 1233 1033 1303 Corinthium.
1046 1236 1133 1301 Ven-

57 1340 180 1409 didisse
203 1365 280 1409 cum
299 1340 502 1409 Eunuchum
524 1365 642 1426 suum,
661 1339 751 1408 fama
766 1354 834 1428 est,
852 1340 969 1433 viginti
987 1337 1133 1409 millibus

57 1444 236 1515 nummdm
252 1473 260 1515 :
279 1446 370 1541 quod
387 1449 531 1541 pretium
555 1461 631 1515 ante
653 1471 729 1514 eum
748 1444 858 1514 nullus
876 1459 1060 1540 acceperat.
1081 1444 1133 1513 Ad

59 1577 247 1637 summum,
267 1578 328 1621 suo
348 1578 468 1648 genere
486 1553 643 1648 poetandi
663 1567 775 1622 tantus
792 1554 844 1620 vir
863 1552 942 1638 fuit,
957 1566 994 1636 ut
1012 1553 1134 1620 Hiero-

57 1684 179 1753 nymus
198 1660 285 1728 inter
301 1674 444 1753 quatuor
459 1674 654 1754 poetarum,
670 1659 754 1728 duos
776 1657 900 1728 scilicet
920 1661 1134 1745 Graecorum,

58 1779 93 1834 et
107 1763 254 1855 totidem
263 1767 480 1850 Latinorum,
496 1765 597 1835 duces
611 1779 768 1859 quartum
784 1765 875 1833 hunc
884 1765 1056 1834 nominare
1065 1788 1135 1833 non

58 1870 211 1955 dubitet,
224 1872 292 1941 hoc
303 1871 446 1940 ordine:
466 1877 667 1957 Homerum,
684 1869 878 1965 Virgilium,
895 1870 1135 1960 Menandrum,

57 1979 276 2046 Terentium:
298 2003 398 2073 quam
420 1978 481 2048 sibi
504 1976 730 2047 excellentiam
750 2003 819 2046 non
833 1976 909 2071 styli
929 1977 1080 2045 attribuit
1094 1975 1137 2045 al·

59 2081 189 2170 titudo,
206 2108 276 2179 ¹qua
299 2108 320 2152 a
343 2084 454 2154 multis
473 2110 542 2153 non
563 2084 663 2152 dubie
688 2098 722 2152 et
741 2083 927 2150 Menander
946 2081 1035 2176 apud
1058 2107 1135 2152 suos

59 2191 218 2275 vincitur,
243 2205 278 2258 et
293 2192 466 2260 Terentius
484 2190 572 2285 apud
591 2189 750 2275 Nostros,
770 2202 813 2256 et
824 2212 897 2283 quae
912 2189 946 2256 in
965 2188 1137 2258 comoediis

60 2321 129 2364 non
143 2295 246 2364 modo
255 2322 325 2365 non
341 2298 539 2383 necessaria,
548 2295 607 2364 sed
621 2294 816 2389 plerumque
831 2296 931 2362 etiam
943 2296 1062 2364 vitiosa
1076 2310 1134 2364 est.

59 2402 154 2490 Quid
181 2427 262 2495 ergo
290 2403 515 2470 humanorum
545 2426 676 2490 morum
707 2414 824 2470 exacta
851 2401 967 2470 notitia
994 2415 1027 2469 et
1050 2401 1134 2469 ordo

58 2509 259 2576 narrationis
273 2508 315 2576 ab
336 2509 409 2603 ipso
432 2509 593 2577 Cicerone
611 2506 775 2593 laudatur,
798 2520 831 2574 et
852 2504 927 2599 styli
942 2505 1132 2598 jucunditas

61 2638 100 2682 ac
119 2613 254 2708 gratia?
272 2615 337 2684 Sed
358 2615 603 2709 superomnia,
624 2629 662 2682 ut
689 2611 887 2707 quibusdam
911 2609 1040 2709 placet,
1062 2611 1134 2683 sola

64 2721 251 2814 proprietas
259 2721 331 2790 haec
347 2720 439 2809 facit3
458 2735 497 2789 ut
505 2723 593 2787 enim
606 2721 716 2814 primo
724 2717 870 2787 AEneidis
885 2733 1074 2788 commento
1090 2721 1137 2790 ait

65 2827 219 2915 Servius,
238 2827 408 2896 sciendum
428 2841 478 2896 est
490 2826 681 2894 Terentium
704 2839 841 2920 propter
860 2823 963 2894 solam
986 2828 1136 2920 proprie·

63 2945 166 3001 tatem
184 2933 340 3002 omnibus
358 2935 503 3003 Cornicis
524 2957 595 3001 esse
610 2931 801 3027 praelatum:
817 2932 937 3026 quibus
955 2946 1021 3019 est,
1035 2956 1138 3025 quan·

64 3053 137 3107 tum
153 3054 283 3133 spectat
299 3038 340 3107 ad
357 3055 493 3126 caetera,
505 3039 651 3107 inferior.
667 3039 769 3128 Quod
789 3037 944 3106 ultimum
961 3037 1138 3122 omnibus,

64 3170 150 3240 quos
167 3145 277 3240 legere
289 3148 402 3239 potui,
416 3145 735 3215 commentatoribus
750 3146 911 3224 excussis,
928 3145 1034 3212 Servii
1052 3143 1143 3214 salva

64 3275 239 3344 pace'non
260 3253 421 3347 approbo.
443 3256 523 3321 Haec
542 3250 595 3320 vel
618 3250 661 3319 ad
688 3253 841 3320 notitiam
859 3250 1067 3339 habendam,
1087 3249 1140 3319 vel

63 3358 106 3426 ad
124 3383 274 3450 errorem
289 3359 539 3446 declinandum,
549 3358 695 3427 breviter
708 3357 749 3426 de
763 3359 920 3428 Terentio
929 3357 1019 3428 dicta
1030 3370 1139 3427 sunto.
