2684 4830
220 400 285 447 nv
334 412 339 427 :
562 355 571 368 '
619 377 884 446 1111111111

275 508 340 578 Sed
352 523 429 577 ante
440 533 556 577 omnes
572 507 825 602 Guelferbytani
838 535 862 579 s.
875 509 1171 581 Wolfenbuttelani
1184 514 1291 586 Codd.

219 630 363 710 quatuor
381 617 527 686 maximo
545 615 620 683 usui
638 614 721 683 mihi
738 617 959 711 contigerunt.
983 619 1078 706 Quos
1095 620 1229 713 quidem
1249 623 1290 691 ab

221 726 392 816 Longam,
413 720 664 789 bibliothecario
678 723 906 811 meritissimo,
923 748 1023 817 quem
1043 725 1112 793 fato
1126 727 1223 796 nobis
1235 751 1290 798 nu-

219 854 279 924 per
292 842 444 923 ereptum
458 825 614 921 permulti
628 851 757 896 mecum
773 827 945 915 dolebunt,
968 831 1065 898 venia
1076 831 1153 899 data
1167 834 1209 901 ab
1222 834 1289 918 his,

219 937 274 1030 qui
295 959 335 1003 ex
352 934 474 1002 intimis
490 927 648 1002 Sereniss.
667 935 771 1003 Ducis
787 937 986 1031 Brunswigae
1000 936 1135 1025 florent,
1148 953 1186 1007 ut
1201 943 1289 1013 acci-

219 1065 333 1136 perem
362 1041 590 1133 impetravisse
609 1065 663 1108 me
686 1063 744 1126 ea,
762 1065 829 1134 qua
853 1041 968 1130 decet,
990 1044 1175 1112 reverentia
1200 1071 1289 1115 nunc

219 1146 329 1242 palam
349 1146 512 1216 confiteor
529 1160 628 1239 atque
650 1147 836 1240 gratissimo
853 1149 965 1217 animo
981 1162 1094 1218 testor.

272 1256 325 1322 De
339 1254 393 1322 his
412 1253 581 1322 codicibus
602 1253 823 1322 membraneis
840 1268 891 1324 est
904 1279 1010 1343 unus,
1024 1280 1123 1348 quem
1144 1257 1288 1350 primum

217 1360 300 1428 mihi
313 1361 347 1428 in
362 1383 497 1443 manum
512 1361 684 1453 assumpsi,
700 1358 809 1427 forma
827 1359 1008 1453 splendida,
1023 1362 1057 1429 in
1072 1361 1129 1431 fol.
1147 1362 1188 1430 de
1201 1389 1288 1433 anno

222 1463 331 1551 1433.
360 1468 400 1534 11
424 1490 465 1534 11
485 1467 594 1559 reperi
615 1489 685 1534 esse
703 1463 806 1534 lineas
830 1467 1011 1535 verborum
1036 1471 1233 1556 continuas,
1251 1485 1290 1539 ut

216 1574 272 1640 vix
295 1570 401 1641 ullum
418 1573 592 1666 vestigium
613 1585 789 1665 appareret
816 1574 915 1642 metri
941 1572 1170 1644 distinctionis.
1192 1577 1288 1646 Ordo

216 1679 396 1748 verborum
413 1704 498 1772 saepe
514 1677 596 1747 alius
609 1691 677 1761 est,
693 1702 732 1746 ac
750 1676 848 1771 plane
861 1702 881 1747 a
893 1678 1030 1774 vulgato
1049 1680 1208 1750 diversus.
1223 1684 1290 1752 No

214 1785 292 1856 tulae
320 1799 399 1854 sunt
425 1786 459 1853 in
482 1785 631 1878 margine
656 1808 777 1878 magna
804 1810 845 1854 ex
876 1800 971 1879 parte
998 1789 1134 1855 Donati.
1162 1788 1289 1858 Menda

214 1891 425 1961 librariorum
460 1914 568 1984 pauca
600 1904 731 1958 tantum
757 1889 904 1978 offendi,
926 1905 965 1961 ut
989 1892 1092 1961 Andr.
1116 1917 1165 1960 vs.
1193 1891 1288 1988 569,

213 1999 382 2069 descensio
406 2020 468 2090 pro
490 1996 670 2080 discessio3
694 2009 753 2063 aut
775 1997 836 2065 Ph.
863 2020 911 2066 vs.
943 1996 1036 2093 726,
1055 2003 1219 2093 experire.
1240 2003 1289 2070 Ut

215 2104 279 2175 alia
296 2105 458 2173 omittam.
484 2103 571 2171 Mire
596 2101 717 2196 legitur
737 2101 772 2167 in
796 2101 900 2169 Andr.
926 2128 975 2172 vs.
1003 2127 1097 2199 917,
1116 2112 1294 2175 attentata

213 2238 277 2307 pro
295 2224 530 2304 attemperate.
548 2210 704 2276 Attamen
719 2205 794 2299 plus
810 2208 961 2276 minusve
974 2211 1113 2303 egregiae
1128 2209 1287 2281 lectiones

214 2318 343 2387 suntin
360 2315 466 2387 Andr.
488 2339 536 2382 vs.
558 2337 650 2408 191,
673 2312 731 2406 ubi
754 2311 866 2380 addita
888 2311 1117 2409 legunturztS.
1139 2321 1173 2384 si
1186 2342 1286 2411 qucr-

212 2448 288 2510 ms,
309 2423 441 2517 dicam3
460 2420 539 2489 ibid.
555 2444 605 2488 vs.
622 2416 715 2505 243,
729 2423 936 2506 maalmam
955 2444 1003 2489 vs.
1022 2418 1118 2507 318,
1133 2446 1284 2510 crucem,-

212 2532 291 2600 ibid.
309 2534 427 2598 Heaut.
447 2553 493 2596 vs.
516 2524 612 2610 206,
630 2523 823 2594 adduntur:
843 2531 994 2596 scortari
1008 2550 1079 2596 non
1097 2530 1189 2618 ναίω
1204 2529 1283 2599 ibid.

213 2661 261 2706 vs.
284 2634 378 2728 296,
396 2649 430 2703 et
437 2647 622 2730 praeparet
635 2656 681 2700 se.

265 2740 330 2811 Sed
354 2742 519 2834 praecipue
537 2753 672 2809 notetur
692 2738 727 2808 in
749 2737 891 2832 Adelph.
912 2763 960 2808 vs.
981 2737 1075 2834 196,
1093 2738 1191 2809 lectio
1211 2766 1282 2835 quae

212 2849 603 2938 est,thaetuntoepro
621 2849 704 2913 Ere
724 2844 963 2939 natavulgari.
1235 2835 1239 2843 ’

266 2952 439 3024 Secundus
457 2951 539 3020 mihi
559 2949 809 3045 Guelferbytan.
829 2951 935 3020 codex
957 2953 992 3019 in
1012 2950 1051 3036 [Γ
1068 2966 1136 3038 est,
1155 2952 1211 3020 vix
1228 2951 1281 3022 ali·

212 3086 278 3156 qua
299 3085 335 3129 re
358 3073 479 3154 praeter
496 3057 639 3126 formam
664 3058 848 3151 insignitus.
869 3057 980 3125 Habet
1004 3079 1024 3124 a
1053 3081 1155 3126 manu
1177 3058 1282 3127 aliena

213 3167 319 3237 multa
336 3168 458 3261 passim
476 3164 646 3234 contextui
661 3164 842 3232 verborum
857 3164 1101 3258 superscripta,
1115 3163 1221 3233 multa
1236 3167 1283 3234 in·

213 3289 320 3362 serta,
346 3271 452 3341 multa
485 3271 614 3357 addita,
635 3267 741 3339 multa
763 3269 880 3364 glossis
906 3271 1101 3339 intermixtis
1133 3271 1279 3340 confusa.

212 3383 305 3470 Quas
320 3404 401 3448 vero
419 3380 473 3447 hic
491 3377 647 3446 lectiones
664 3401 733 3445 non
758 3376 1016 3445 contemnendas
1033 3376 1205 3465 exhibeat,
1226 3401 1280 3446 eas

212 3487 391 3580 Catalogus
410 3499 522 3554 noster
537 3508 597 3552 suo
618 3505 766 3575 quasque
781 3482 855 3552 loco
869 3482 1036 3551 indicabit.

262 3597 411 3662 Transeo
429 3591 471 3659 ad
483 3591 636 3675 tertium,
653 3589 710 3682 qui
725 3591 868 3684 scriptus
886 3603 969 3658 esta
986 3588 1115 3657 duabus
1128 3589 1280 3658 manibus

97 3721 99 3724 ’
210 3701 362 3785 dirersis,
379 3722 520 3792 quarum
539 3694 673 3764 alterius
694 3695 880 3789 sphalmata
898 3720 955 3764 seu
973 3709 1156 3789 peccataa
1184 3696 1280 3764 tertia

209 3832 311 3876 manu
330 3819 480 3875 correcta
500 3806 611 3873 insunt
627 3826 728 3896 supra
742 3800 854 3871 lineas.
868 3805 921 3870 De
932 3803 998 3871 hoc
1013 3800 1146 3887 codice,
1161 3800 1279 3896 siquid

208 3913 338 4008 planius
359 3911 587 3981 disserendum
603 3909 766 3995 videatur,
787 3911 822 3977 in
844 3907 933 3978 aliud
955 3923 1086 4002 tempus
1112 3907 1277 3977 differam.

208 4020 374 4092 Ultimum
398 4042 624 4088 commemoro
646 4013 852 4109 Guelferbyt.
877 4014 1019 4102 librum,
1043 4039 1142 4108 quem
1171 4014 1277 4087 debeo
