2670 4822
307 335 372 403 DE
397 331 656 400 TRAGOEDIA
682 331 740 398 ET
768 331 1016 400 COMOEDIA.
1134 358 1199 403 ιιιν
1261 328 1265 338 ’

125 462 344 559 fectuumquc
357 463 500 535 civilium
515 488 555 532 ac
574 463 779 557 privatorum
795 486 803 528 ι
819 463 939 555 quibus
957 463 1105 554 discitur,
1119 468 1199 560 quid

127 570 169 637 sit
185 571 220 636 in
237 572 306 639 vita
327 570 406 640 utile
422 615 432 656 ,
448 570 526 665 quid
546 582 664 637 contra
686 567 889 636 evitandum.
907 573 1003 638 Hanc
1026 574 1135 642 Graeci
1152 575 1200 642 sic

129 674 288 745 definiere
308 676 355 744 ¹¹:
378 668 541 769 Κωμῳδίοι
569 674 650 742 ἐστίν
677 665 839 740 ἰδιωτικῶν
863 674 914 741 καὶ
932 683 1098 744 πολιτικῶν
1121 705 1199 772 πρα-

130 781 258 874 γμάτων
287 776 445 861 ἀκίνδυνος
466 785 603 876 περιοχή.
639 779 845 849 Comoediam
881 772 961 849 csse'
982 783 1102 852 Cicero
1133 787 1201 874 ait,

134 888 387 958 «imitationem
416 889 507 975 vitae,
533 884 704 982 speculum
730 885 997 970 consuetudinis,
1022 887 1200 983 imaginem

129 994 288 1062 veritatis.
314 1010 332 1046 ’³
358 993 539 1064 Comoedias
561 1007 672 1069 atitem
692 1017 712 1060 a
731 1016 824 1061 more
841 994 977 1086 antiquo
991 993 1106 1078 dictae,
1122 1000 1200 1091 quia

129 1100 162 1165 in
182 1101 266 1169 vicis
291 1100 483 1194 hujusmodi
508 1100 654 1169 carmina
671 1099 763 1168 initio
789 1099 981 1193 agebantur,
1003 1100 1093 1194 apud
1111 1105 1201 1172 Grae

131 1229 185 1274 cos
201 1231 209 1273 :
225 1207 313 1274 utin
329 1206 427 1275 Italia
446 1204 667 1300 compitalitiis
682 1202 836 1291 ludicris,
850 1205 996 1274 admixto
1009 1210 1200 1300 pronuntia·

131 1313 231 1380 tionis
256 1311 409 1397 modulo,
439 1339 524 1406 quo,
552 1312 632 1380 dum
658 1325 751 1381 actus
773 1325 1033 1397 commutantur,
1057 1313 1200 1408 populus

131 1417 342 1488 detinebatur
358 1417 392 1487 ¹².
411 1421 480 1487 Aut
500 1425 564 1514 aas
576 1429 636 1485 τῶν
656 1418 861 1510 κωμῶν,1]οο
880 1431 944 1504 est,
963 1419 1005 1485 ab
1024 1435 1100 1488 actu
1123 1422 1200 1490 vitae

130 1523 323 1613 hominum,
341 1526 448 1620 quiin
467 1525 546 1594 vicis
567 1523 779 1608 babitabant,
798 1524 841 1592 ob
858 1523 1118 1594 mediocritatem
1136 1526 1199 1595 for

130 1644 312 1698 tunarumz
335 1656 402 1699 nou
431 1633 466 1700 in
494 1629 576 1699 aulis
599 1632 711 1724 regiis,
732 1646 770 1699 ut
787 1645 865 1698 sunt
884 1655 1034 1725 personae
1053 1634 1197 1727 tragicae.

131 1735 305 1805 Comoedia
317 1760 413 1821 vero,
430 1738 509 1832 quia
522 1761 643 1831 poema
656 1737 717 1805 sub
731 1737 913 1806 imitatione
928 1737 1003 1806 vitae
1013 1752 1112 1831 atque
1121 1765 1198 1809 ιιιο-Ι

131 1866 204 1908 ιιιιιι
226 1841 438 1911 similitudine
461 1843 681 1937 compositum
700 1857 769 1927 est,
790 1844 824 1910 in
845 1857 939 1936 gestu
959 1857 993 1910 et
1009 1848 1199 1936 pronuntia·

131 1948 220 2016 tione
241 1951 399 2018 consistit.
419 1949 627 2017 Comoediam
645 1947 735 2042 apud
756 1951 892 2017 Graecos
908 1947 1046 2017 dubium
1061 1966 1110 2019 est
1126 1953 1199 2045 quis

132 2053 295 2123 invenerit
315 2056 463 2149 primus:
486 2054 574 2148 apud
597 2055 732 2121 Latinos
761 2068 889 2122 certum
910 2068 969 2123 est.
994 2057 1200 2126 Comoediam

134 2175 164 2228 et
184 2160 381 2256 tragoediam
401 2175 548 2254 togatam
566 2160 674 2253 primo
690 2159 805 2227 Livius
822 2160 1032 2230 Andronicus
1052 2165 1199 2256 reperit,

135 2262 261 2361 aitque,
289 2267 519 2337 «comoediam
544 2290 614 2335 esse
641 2265 840 2359 quotidianae
867 2268 943 2336 vitae
970 2267 1164 2361 speculum:
1185 2293 1198 2318 ¹³

135 2398 191 2442 nee
210 2375 341 2467 injuria.
359 2375 464 2458 Nam,
482 2385 520 2440 ut
537 2372 654 2441 intenti
679 2370 813 2466 speculo
835 2374 983 2442 veritatis
1001 2372 1200 2445 lineamenta

135 2478 225 2547 facile
244 2505 306 2575 per
324 2481 481 2574 imagines
496 2476 698 2572 colligimus,
716 2479 761 2546 ita
777 2477 919 2548 lectione
942 2480 1112 2549 comoediae
1126 2483 1198 2551 imi·

136 2588 291 2655 tationem
308 2587 384 2654 vitae
397 2582 709 2678 consuetudinisque
726 2609 795 2652 non
811 2586 981 2679 aegerrime
996 2587 1200 2656 animadver-

137 2694 239 2762 timus.
263 2692 371 2785 Hujus
392 2706 502 2760 autem
529 2691 664 2784 originis
688 2692 774 2759 ratio
800 2691 842 2759 ab
867 2693 986 2761 exteris
1010 2694 1197 2764 civitatibus

137 2799 348 2892 moribusque
364 2798 524 2892 pervenit.
546 2796 763 2865 Athenienses
789 2818 952 2892 namque,
969 2800 1113 2869 Atticam
1134 2825 1197 2869 eu·

137 2906 312 2975 stodientes
332 2903 547 2998 elegantiam,
564 2927 667 2997 quum
685 2901 902 2973 vellentmale
915 2905 1063 2974 viventes
1071 2921 1198 2988 notare,

137 3014 165 3078 in
187 3013 282 3081 vicos
301 3025 335 3080 et
356 3012 502 3106 compita
517 3036 556 3079 ex
574 3009 728 3080 omnibus
750 3005 830 3078 locis
846 3009 910 3078 lacti
934 3010 1123 3107 alacresque
1137 3039 1216 3082 ve-'

136 3119 288 3186 mebant:
307 3117 415 3212 ibique
435 3142 512 3186 cum
533 3116 720 3184 nominibus
743 3115 948 3210 singulorum
974 3120 1077 3187 vitam
1097 3119 1201 3214 publi·

136 3225 271 3293 cabant:
284 3223 372 3292 unde
382 3247 504 3292 nomen
517 3223 737 3316 compositum
749 3276 759 3310 ,
771 3236 809 3291 ut
824 3224 996 3293 Comoedia
1009 3241 1196 3297 vocaretur.

137 3334 211 3402 Haec
224 3344 338 3400 autem
353 3331 501 3400 carmina
514 3331 547 3398 in
560 3331 663 3424 pratis
677 3330 823 3423 primum
839 3329 995 3400 mollibus
1004 3332 1200 3426 agebantur:

136 3463 192 3509 nec
215 3438 357 3506 deerant
379 3438 530 3531 praemia,
558 3435 678 3530 quibus
712 3433 753 3503 ad
783 3436 994 3506 scribendum
1023 3437 1200 3508 doctorum

137 3683 187 3718 esse
200 3662 354 3718 videantur.
376 3664 415 3717 Id.
438 3663 644 3720 Westcrhovius
688 3661 809 3715 definitio
820 3662 944 3724 habetur,
954 3663 996 3715 ιιιιὶ
1006 3669 1135 3716 πολιτικῶν
1147 3681 1202 3716 non

138 3746 242 3798 nomine
260 3769 272 3791 ι
284 3736 435 3814 Fragmenti
454 3744 573 3797 Donati»
587 3742 645 3796 edi·
689 3741 771 3796 addit.
781 3743 856 3795 Liad.

138 3824 191 3878 dit:
202 3825 265 3877 satis
276 3822 409 3877 audacter.
425 3825 508 3876 Zeuu.
733 3842 779 3875 12.
795 3819 902 3892 Populus
928 3819 1087 3874 detinebatur.
1106 3818 1205 3874 Manu·

179 3922 221 3956 11.
233 3904 309 3954 Hanc
322 3902 445 3958 Groecr'sic
455 3901 574 3973 definiere.
584 3902 647 3955 Dio·
693 3903 784 3973 scripti
793 3903 928 3967 exhibent,
932 3903 1036 3973 populas
1046 3899 1204 3965 attinebatur,

139 3981 205 4053 med.
228 3983 321 4038 Gram.
343 3984 391 4036 lib.
413 3984 471 4048 111,
494 3983 541 4036 ubi
557 3981 648 4036 eadem
693 3995 725 4036 ut
738 3994 764 4035 et
773 3982 842 4035 infra
855 3980 946 4035 videre
961 3994 1006 4035 est.
1018 3982 1058 4035 Id.
