<?xml version="1.0" encoding="UTF-8"?>
<!DOCTYPE html PUBLIC "-//W3C//DTD XHTML 1.0 Transitional//EN"
    "http://www.w3.org/TR/xhtml1/DTD/xhtml1-transitional.dtd">
<html xmlns="http://www.w3.org/1999/xhtml" xml:lang="en" lang="en">
 <head>
  <title>
</title>
<meta http-equiv="Content-Type" content="text/html;charset=utf-8" />
  <meta name='ocr-system' content='tesseract 3.04.00' />
  <meta name='ocr-capabilities' content='ocr_page ocr_carea ocr_par ocr_line ocrx_word'/>
</head>
<body>
  <div class='ocr_page' id='page_1' title='image "bibliothecaclas51lemagoog_0055.png"; bbox 0 0 2684 4830; ppageno 0'>
   <div class='ocr_carea' id='block_1_1' title="bbox 214 396 1086 467">
    <p class='ocr_par' dir='ltr' id='par_1_1' title="bbox 214 396 1086 467">
     <span class='ocr_line' id='line_1_1' title="bbox 214 396 1086 467; baseline -0.003 -1"><span class='ocrx_word' id='word_1_1' title='bbox 214 422 258 466; x_wconf 83' lang='lat' dir='ltr'>xr.</span> <span class='ocrx_word' id='word_1_2' title='bbox 401 397 464 464; x_wconf 87' lang='lat' dir='ltr'>DE</span> <span class='ocrx_word' id='word_1_3' title='bbox 485 396 746 467; x_wconf 83' lang='lat' dir='ltr'>TRAGOEDIA</span> <span class='ocrx_word' id='word_1_4' title='bbox 764 397 821 467; x_wconf 91' lang='lat' dir='ltr'>ET</span> <span class='ocrx_word' id='word_1_5' title='bbox 837 397 1086 466; x_wconf 84' lang='lat' dir='ltr'>COMOEDIA.</span> 
     </span>
    </p>
   </div>
   <div class='ocr_carea' id='block_1_2' title="bbox 213 526 1289 2750">
    <p class='ocr_par' dir='ltr' id='par_1_2' title="bbox 213 526 1289 2750">
     <span class='ocr_line' id='line_1_2' title="bbox 215 526 1288 625; baseline 0.001 -26"><span class='ocrx_word' id='word_1_6' title='bbox 215 541 395 599; x_wconf 87' lang='lat' dir='ltr'>messatum</span> <span class='ocrx_word' id='word_1_7' title='bbox 419 528 466 596; x_wconf 91' lang='lat' dir='ltr'>ire</span> <span class='ocrx_word' id='word_1_8' title='bbox 489 541 687 597; x_wconf 87' lang='lat' dir='ltr'>cantantes:</span> <span class='ocrx_word' id='word_1_9' title='bbox 711 528 802 625; x_wconf 93' lang='lat' dir='ltr'>quod</span> <span class='ocrx_word' id='word_1_10' title='bbox 822 551 843 596; x_wconf 92' lang='lat' dir='ltr'>a</span> <span class='ocrx_word' id='word_1_11' title='bbox 866 529 972 623; x_wconf 89' lang='lat' dir='ltr'>poetis</span> <span class='ocrx_word' id='word_1_12' title='bbox 996 526 1134 597; x_wconf 86' lang='lat' dir='ltr'><strong>solemni</strong></span> <span class='ocrx_word' id='word_1_13' title='bbox 1155 528 1211 598; x_wconf 88' lang='lat' dir='ltr'>die</span> <span class='ocrx_word' id='word_1_14' title='bbox 1233 530 1288 600; x_wconf 88' lang='lat' dir='ltr'>vel</span> 
     </span>
     <span class='ocr_line' id='line_1_3' title="bbox 216 633 1286 722; baseline 0.002 -19"><span class='ocrx_word' id='word_1_15' title='bbox 216 636 374 722; x_wconf 81' lang='lat' dir='ltr'>amatorie</span> <span class='ocrx_word' id='word_1_16' title='bbox 393 633 638 708; x_wconf 85' lang='lat' dir='ltr'>lascivientibus</span> <span class='ocrx_word' id='word_1_17' title='bbox 657 634 921 704; x_wconf 87' lang='lat' dir='ltr'>choris&#39;comicis</span> <span class='ocrx_word' id='word_1_18' title='bbox 940 658 1008 703; x_wconf 92' lang='lat' dir='ltr'>non</span> <span class='ocrx_word' id='word_1_19' title='bbox 1025 634 1206 704; x_wconf 91' lang='lat' dir='ltr'>absurdum</span> <span class='ocrx_word' id='word_1_20' title='bbox 1225 651 1286 705; x_wconf 91' lang='lat' dir='ltr'>est.</span> 
     </span>
     <span class='ocr_line' id='line_1_4' title="bbox 214 741 1288 837; baseline 0.001 -27"><span class='ocrx_word' id='word_1_21' title='bbox 214 743 348 836; x_wconf 87' lang='lat' dir='ltr'>Itaque,</span> <span class='ocrx_word' id='word_1_22' title='bbox 370 755 409 808; x_wconf 88' lang='lat' dir='ltr'>ut</span> <span class='ocrx_word' id='word_1_23' title='bbox 435 763 569 823; x_wconf 91' lang='lat' dir='ltr'>rerum,</span> <span class='ocrx_word' id='word_1_24' title='bbox 593 741 639 807; x_wconf 86' lang='lat' dir='ltr'>ita</span> <span class='ocrx_word' id='word_1_25' title='bbox 662 742 762 810; x_wconf 88' lang='lat' dir='ltr'>etiam</span> <span class='ocrx_word' id='word_1_26' title='bbox 784 754 974 835; x_wconf 85' lang='lat' dir='ltr'>temporum</span> <span class='ocrx_word' id='word_1_27' title='bbox 996 741 1146 835; x_wconf 92' lang='lat' dir='ltr'>ipsorum</span> <span class='ocrx_word' id='word_1_28' title='bbox 1174 757 1288 837; x_wconf 91' lang='lat' dir='ltr'>coepto</span> 
     </span>
     <span class='ocr_line' id='line_1_5' title="bbox 216 844 1289 942; baseline 0 -26"><span class='ocrx_word' id='word_1_29' title='bbox 216 847 331 929; x_wconf 81' lang='lat' dir='ltr'>ordine</span> <span class='ocrx_word' id='word_1_30' title='bbox 345 844 519 939; x_wconf 80' lang='lat' dir='ltr'>Tragoedia</span> <span class='ocrx_word' id='word_1_31' title='bbox 537 846 645 940; x_wconf 82' lang='lat' dir='ltr'>primo</span> <span class='ocrx_word' id='word_1_32' title='bbox 663 846 791 940; x_wconf 87' lang='lat' dir='ltr'>prolata</span> <span class='ocrx_word' id='word_1_33' title='bbox 807 871 878 916; x_wconf 88' lang='lat' dir='ltr'>esse</span> <span class='ocrx_word' id='word_1_34' title='bbox 894 848 1116 942; x_wconf 82' lang='lat' dir='ltr'>cognoscitur.</span> <span class='ocrx_word' id='word_1_35' title='bbox 1131 850 1237 936; x_wconf 89' lang='lat' dir='ltr'>Nam,</span> <span class='ocrx_word' id='word_1_36' title='bbox 1248 862 1289 917; x_wconf 93' lang='lat' dir='ltr'>ut</span> 
     </span>
     <span class='ocr_line' id='line_1_6' title="bbox 214 950 1288 1047; baseline 0.001 -26"><span class='ocrx_word' id='word_1_37' title='bbox 214 953 257 1036; x_wconf 90' lang='lat' dir='ltr'>ab</span> <span class='ocrx_word' id='word_1_38' title='bbox 280 950 412 1020; x_wconf 92' lang='lat' dir='ltr'>incultis</span> <span class='ocrx_word' id='word_1_39' title='bbox 431 965 465 1018; x_wconf 92' lang='lat' dir='ltr'>et</span> <span class='ocrx_word' id='word_1_40' title='bbox 487 951 564 1020; x_wconf 87' lang='lat' dir='ltr'>feris</span> <span class='ocrx_word' id='word_1_41' title='bbox 586 953 734 1023; x_wconf 86' lang='lat' dir='ltr'>moribus</span> <span class='ocrx_word' id='word_1_42' title='bbox 757 952 915 1047; x_wconf 90' lang='lat' dir='ltr'>paulatim</span> <span class='ocrx_word' id='word_1_43' title='bbox 942 955 1138 1046; x_wconf 90' lang='lat' dir='ltr'>perventum</span> <span class='ocrx_word' id='word_1_44' title='bbox 1162 967 1213 1022; x_wconf 89' lang='lat' dir='ltr'>est</span> <span class='ocrx_word' id='word_1_45' title='bbox 1243 954 1288 1022; x_wconf 93' lang='lat' dir='ltr'>ad</span> 
     </span>
     <span class='ocr_line' id='line_1_7' title="bbox 215 1056 1289 1152; baseline 0.002 -25"><span class='ocrx_word' id='word_1_46' title='bbox 215 1056 523 1146; x_wconf 86' lang='lat' dir='ltr'>mansuetudinem,</span> <span class='ocrx_word' id='word_1_47' title='bbox 548 1058 713 1152; x_wconf 90' lang='lat' dir='ltr'>urbesque</span> <span class='ocrx_word' id='word_1_48' title='bbox 743 1072 821 1127; x_wconf 89' lang='lat' dir='ltr'>sunt</span> <span class='ocrx_word' id='word_1_49' title='bbox 845 1058 1001 1146; x_wconf 85' lang='lat' dir='ltr'>conditae,</span> <span class='ocrx_word' id='word_1_50' title='bbox 1023 1072 1058 1127; x_wconf 90' lang='lat' dir='ltr'>et</span> <span class='ocrx_word' id='word_1_51' title='bbox 1078 1060 1147 1127; x_wconf 89' lang='lat' dir='ltr'>vita</span> <span class='ocrx_word' id='word_1_52' title='bbox 1172 1060 1289 1129; x_wconf 89' lang='lat' dir='ltr'>mitior</span> 
     </span>
     <span class='ocr_line' id='line_1_8' title="bbox 215 1163 1288 1259; baseline 0.005 -28"><span class='ocrx_word' id='word_1_53' title='bbox 215 1178 314 1258; x_wconf 90' lang='lat' dir='ltr'>atque</span> <span class='ocrx_word' id='word_1_54' title='bbox 324 1164 463 1233; x_wconf 84' lang='lat' dir='ltr'>otiosior</span> <span class='ocrx_word' id='word_1_55' title='bbox 477 1165 656 1257; x_wconf 91' lang='lat' dir='ltr'>prooessit:</span> <span class='ocrx_word' id='word_1_56' title='bbox 669 1166 715 1234; x_wconf 89' lang='lat' dir='ltr'>ita</span> <span class='ocrx_word' id='word_1_57' title='bbox 729 1190 782 1234; x_wconf 89' lang='lat' dir='ltr'>res</span> <span class='ocrx_word' id='word_1_58' title='bbox 792 1165 924 1259; x_wconf 84' lang='lat' dir='ltr'>tragicae</span> <span class='ocrx_word' id='word_1_59' title='bbox 938 1163 1036 1259; x_wconf 91' lang='lat' dir='ltr'>longe</span> <span class='ocrx_word' id='word_1_60' title='bbox 1049 1178 1126 1232; x_wconf 89' lang='lat' dir='ltr'>ante</span> <span class='ocrx_word' id='word_1_61' title='bbox 1139 1166 1288 1244; x_wconf 82' lang='lat' dir='ltr'>comicas</span> 
     </span>
     <span class='ocr_line' id='line_1_9' title="bbox 214 1269 1287 1365; baseline 0.003 -29"><span class='ocrx_word' id='word_1_62' title='bbox 214 1270 367 1358; x_wconf 71' lang='lat' dir='ltr'>inuentae.</span> <span class='ocrx_word' id='word_1_63' title='bbox 386 1270 548 1359; x_wconf 91' lang='lat' dir='ltr'>Quamvis</span> <span class='ocrx_word' id='word_1_64' title='bbox 577 1285 688 1339; x_wconf 90' lang='lat' dir='ltr'>autem</span> <span class='ocrx_word' id='word_1_65' title='bbox 709 1285 799 1340; x_wconf 89' lang='lat' dir='ltr'>retro</span> <span class='ocrx_word' id='word_1_66' title='bbox 821 1269 930 1365; x_wconf 83' lang='lat' dir='ltr'>prisca</span> <span class='ocrx_word' id='word_1_67' title='bbox 955 1270 1164 1339; x_wconf 83' lang='lat' dir='ltr'>volventibus</span> <span class='ocrx_word' id='word_1_68' title='bbox 1185 1295 1287 1365; x_wconf 88' lang='lat' dir='ltr'>repe·</span> 
     </span>
     <span class='ocr_line' id='line_1_10' title="bbox 214 1373 1287 1472; baseline 0.002 -29"><span class='ocrx_word' id='word_1_69' title='bbox 214 1377 320 1461; x_wconf 80' lang='lat' dir='ltr'>riatur</span> <span class='ocrx_word' id='word_1_70' title='bbox 332 1373 472 1470; x_wconf 89' lang='lat' dir='ltr'>Thespis</span> <span class='ocrx_word' id='word_1_71' title='bbox 492 1377 674 1470; x_wconf 84' lang='lat' dir='ltr'>Tragoediae</span> <span class='ocrx_word' id='word_1_72' title='bbox 700 1379 826 1472; x_wconf 92' lang='lat' dir='ltr'>primus</span> <span class='ocrx_word' id='word_1_73' title='bbox 847 1378 1022 1445; x_wconf 90' lang='lat' dir='ltr'>inventor:</span> <span class='ocrx_word' id='word_1_74' title='bbox 1045 1390 1078 1444; x_wconf 90' lang='lat' dir='ltr'>et</span> <span class='ocrx_word' id='word_1_75' title='bbox 1104 1376 1287 1461; x_wconf 70' lang='lat' dir='ltr'>Comoedias</span> 
     </span>
     <span class='ocr_line' id='line_1_11' title="bbox 215 1481 1286 1577; baseline 0.006 -31"><span class='ocrx_word' id='word_1_76' title='bbox 215 1482 336 1550; x_wconf 87' lang='lat' dir='ltr'>veteris</span> <span class='ocrx_word' id='word_1_77' title='bbox 362 1486 457 1575; x_wconf 86' lang='lat' dir='ltr'>pater</span> <span class='ocrx_word' id='word_1_78' title='bbox 477 1481 615 1576; x_wconf 90' lang='lat' dir='ltr'>Eupolis</span> <span class='ocrx_word' id='word_1_79' title='bbox 637 1508 714 1552; x_wconf 86' lang='lat' dir='ltr'>curn</span> <span class='ocrx_word' id='word_1_80' title='bbox 735 1484 872 1554; x_wconf 85' lang='lat' dir='ltr'>Cratino</span> <span class='ocrx_word' id='word_1_81' title='bbox 897 1483 1185 1577; x_wconf 81' lang='lat' dir='ltr'>Aristophaneque</span> <span class='ocrx_word' id='word_1_82' title='bbox 1213 1508 1286 1552; x_wconf 88' lang='lat' dir='ltr'>esse</span> 
     </span>
     <span class='ocr_line' id='line_1_12' title="bbox 213 1586 1286 1689; baseline 0.004 -35"><span class='ocrx_word' id='word_1_83' title='bbox 213 1586 370 1658; x_wconf 89' lang='lat' dir='ltr'>dicatur:</span> <span class='ocrx_word' id='word_1_84' title='bbox 391 1592 557 1657; x_wconf 88' lang='lat' dir='ltr'>Homerus</span> <span class='ocrx_word' id='word_1_85' title='bbox 573 1603 700 1675; x_wconf 88' lang='lat' dir='ltr'>tamen,</span> <span class='ocrx_word' id='word_1_86' title='bbox 717 1591 773 1689; x_wconf 91' lang='lat' dir='ltr'>qui</span> <span class='ocrx_word' id='word_1_87' title='bbox 788 1589 861 1658; x_wconf 75' lang='lat' dir='ltr'>&#39;fere</span> <span class='ocrx_word' id='word_1_88' title='bbox 880 1591 987 1676; x_wconf 92' lang='lat' dir='ltr'>omnis</span> <span class='ocrx_word' id='word_1_89' title='bbox 1010 1589 1148 1683; x_wconf 76' lang='lat' dir='ltr'>poeticae</span> <span class='ocrx_word' id='word_1_90' title='bbox 1166 1586 1286 1683; x_wconf 89' lang='lat' dir='ltr'>largis-</span> 
     </span>
     <span class='ocr_line' id='line_1_13' title="bbox 217 1693 1287 1789; baseline 0.004 -28"><span class='ocrx_word' id='word_1_91' title='bbox 217 1694 319 1778; x_wconf 90' lang='lat' dir='ltr'>simus</span> <span class='ocrx_word' id='word_1_92' title='bbox 334 1693 409 1763; x_wconf 90' lang='lat' dir='ltr'>fons</span> <span class='ocrx_word' id='word_1_93' title='bbox 427 1707 498 1781; x_wconf 92' lang='lat' dir='ltr'>est,</span> <span class='ocrx_word' id='word_1_94' title='bbox 513 1696 612 1762; x_wconf 91' lang='lat' dir='ltr'>etiam</span> <span class='ocrx_word' id='word_1_95' title='bbox 628 1695 677 1763; x_wconf 90' lang='lat' dir='ltr'>his</span> <span class='ocrx_word' id='word_1_96' title='bbox 696 1695 897 1764; x_wconf 88' lang='lat' dir='ltr'>carminibus</span> <span class='ocrx_word' id='word_1_97' title='bbox 909 1693 1058 1789; x_wconf 84' lang='lat' dir='ltr'>exempla</span> <span class='ocrx_word' id='word_1_98' title='bbox 1075 1694 1235 1788; x_wconf 88' lang='lat' dir='ltr'>praebuit,</span> <span class='ocrx_word' id='word_1_99' title='bbox 1253 1710 1287 1765; x_wconf 87' lang='lat' dir='ltr'>et</span> 
     </span>
     <span class='ocr_line' id='line_1_14' title="bbox 215 1792 1286 1897; baseline 0.004 -32"><span class='ocrx_word' id='word_1_100' title='bbox 215 1799 308 1869; x_wconf 83' lang='lat' dir='ltr'>velut</span> <span class='ocrx_word' id='word_1_101' title='bbox 326 1792 469 1893; x_wconf 79' lang='lat' dir='ltr'>quadam</span> <span class='ocrx_word' id='word_1_102' title='bbox 486 1824 623 1888; x_wconf 90' lang='lat' dir='ltr'>suorum</span> <span class='ocrx_word' id='word_1_103' title='bbox 645 1826 784 1895; x_wconf 90' lang='lat' dir='ltr'>operum</span> <span class='ocrx_word' id='word_1_104' title='bbox 803 1800 875 1897; x_wconf 91' lang='lat' dir='ltr'>lege</span> <span class='ocrx_word' id='word_1_105' title='bbox 896 1802 1120 1895; x_wconf 69' lang='lat' dir='ltr'>praescripsitz</span> <span class='ocrx_word' id='word_1_106' title='bbox 1135 1802 1193 1893; x_wconf 90' lang='lat' dir='ltr'>qui</span> <span class='ocrx_word' id='word_1_107' title='bbox 1209 1800 1286 1869; x_wconf 90' lang='lat' dir='ltr'>Ilia·</span> 
     </span>
     <span class='ocr_line' id='line_1_15' title="bbox 219 1900 1286 2001; baseline 0.003 -28"><span class='ocrx_word' id='word_1_108' title='bbox 219 1904 296 1974; x_wconf 91' lang='lat' dir='ltr'>dem</span> <span class='ocrx_word' id='word_1_109' title='bbox 316 1904 420 1974; x_wconf 83' lang='lat' dir='ltr'>instar</span> <span class='ocrx_word' id='word_1_110' title='bbox 437 1907 636 2000; x_wconf 73' lang='lat' dir='ltr'>Tragoedia,</span> <span class='ocrx_word' id='word_1_111' title='bbox 653 1907 837 2001; x_wconf 86' lang='lat' dir='ltr'>Odysseam</span> <span class='ocrx_word' id='word_1_112' title='bbox 850 1900 1088 2001; x_wconf 74' lang='lat' dir='ltr'>ad&#39;imaginem</span> <span class='ocrx_word' id='word_1_113' title='bbox 1105 1906 1286 1976; x_wconf 69' lang='lat' dir='ltr'>Comoedias</span> 
     </span>
     <span class='ocr_line' id='line_1_16' title="bbox 219 2010 1286 2108; baseline 0.001 -29"><span class='ocrx_word' id='word_1_114' title='bbox 219 2010 335 2087; x_wconf 87' lang='lat' dir='ltr'>fecisse</span> <span class='ocrx_word' id='word_1_115' title='bbox 349 2027 566 2081; x_wconf 86' lang='lat' dir='ltr'>monstratur.</span> <span class='ocrx_word' id='word_1_116' title='bbox 587 2012 675 2081; x_wconf 89' lang='lat' dir='ltr'>Nam</span> <span class='ocrx_word' id='word_1_117' title='bbox 695 2027 772 2108; x_wconf 91' lang='lat' dir='ltr'>post</span> <span class='ocrx_word' id='word_1_118' title='bbox 789 2011 874 2082; x_wconf 89' lang='lat' dir='ltr'>illius</span> <span class='ocrx_word' id='word_1_119' title='bbox 887 2013 951 2081; x_wconf 92' lang='lat' dir='ltr'>tale</span> <span class='ocrx_word' id='word_1_120' title='bbox 966 2027 1162 2105; x_wconf 90' lang='lat' dir='ltr'>tantumque</span> <span class='ocrx_word' id='word_1_121' title='bbox 1180 2010 1286 2083; x_wconf 91' lang='lat' dir='ltr'>docu-</span> 
     </span>
     <span class='ocr_line' id='line_1_17' title="bbox 218 2118 1287 2223; baseline 0.002 -38"><span class='ocrx_word' id='word_1_122' title='bbox 218 2131 369 2204; x_wconf 88' lang='lat' dir='ltr'>mentum</span> <span class='ocrx_word' id='word_1_123' title='bbox 387 2118 429 2186; x_wconf 88' lang='lat' dir='ltr'>ab</span> <span class='ocrx_word' id='word_1_124' title='bbox 450 2119 718 2213; x_wconf 87' lang='lat' dir='ltr'>ingeniosissimis</span> <span class='ocrx_word' id='word_1_125' title='bbox 735 2119 953 2188; x_wconf 91' lang='lat' dir='ltr'>imitatoribus</span> <span class='ocrx_word' id='word_1_126' title='bbox 970 2133 1003 2187; x_wconf 87' lang='lat' dir='ltr'>et</span> <span class='ocrx_word' id='word_1_127' title='bbox 1017 2118 1144 2223; x_wconf 88' lang='lat' dir='ltr'>digesta</span> <span class='ocrx_word' id='word_1_128' title='bbox 1160 2132 1237 2187; x_wconf 89' lang='lat' dir='ltr'>sunt</span> <span class='ocrx_word' id='word_1_129' title='bbox 1252 2120 1287 2187; x_wconf 90' lang='lat' dir='ltr'>in</span> 
     </span>
     <span class='ocr_line' id='line_1_18' title="bbox 220 2223 1288 2319; baseline 0.001 -28"><span class='ocrx_word' id='word_1_130' title='bbox 220 2223 390 2312; x_wconf 86' lang='lat' dir='ltr'>ordinem,</span> <span class='ocrx_word' id='word_1_131' title='bbox 405 2238 437 2293; x_wconf 95' lang='lat' dir='ltr'>et</span> <span class='ocrx_word' id='word_1_132' title='bbox 453 2224 557 2293; x_wconf 89' lang='lat' dir='ltr'>divisa</span> <span class='ocrx_word' id='word_1_133' title='bbox 572 2249 712 2319; x_wconf 85' lang='lat' dir='ltr'>ea,quae</span> <span class='ocrx_word' id='word_1_134' title='bbox 724 2226 903 2294; x_wconf 91' lang='lat' dir='ltr'>etiamtum</span> <span class='ocrx_word' id='word_1_135' title='bbox 918 2239 1042 2293; x_wconf 89' lang='lat' dir='ltr'>temere</span> <span class='ocrx_word' id='word_1_136' title='bbox 1056 2224 1288 2293; x_wconf 89' lang='lat' dir='ltr'>scribebantur</span> 
     </span>
     <span class='ocr_line' id='line_1_19' title="bbox 218 2329 1287 2438; baseline 0 -40"><span class='ocrx_word' id='word_1_137' title='bbox 218 2329 329 2419; x_wconf 83' lang='lat' dir='ltr'>adhuc</span> <span class='ocrx_word' id='word_1_138' title='bbox 346 2329 512 2438; x_wconf 89' lang='lat' dir='ltr'>impolita,</span> <span class='ocrx_word' id='word_1_139' title='bbox 531 2344 629 2424; x_wconf 93' lang='lat' dir='ltr'>atque</span> <span class='ocrx_word' id='word_1_140' title='bbox 649 2331 683 2399; x_wconf 93' lang='lat' dir='ltr'>in</span> <span class='ocrx_word' id='word_1_141' title='bbox 704 2332 783 2425; x_wconf 92' lang='lat' dir='ltr'>ipsis</span> <span class='ocrx_word' id='word_1_142' title='bbox 797 2331 992 2400; x_wconf 88' lang='lat' dir='ltr'>rudimentis</span> <span class='ocrx_word' id='word_1_143' title='bbox 1011 2330 1287 2423; x_wconf 87' lang='lat' dir='ltr'>haudquaquam,</span> 
     </span>
     <span class='ocr_line' id='line_1_20' title="bbox 220 2436 1288 2532; baseline 0 -27"><span class='ocrx_word' id='word_1_144' title='bbox 220 2450 258 2505; x_wconf 90' lang='lat' dir='ltr'>ut</span> <span class='ocrx_word' id='word_1_145' title='bbox 279 2451 394 2531; x_wconf 85' lang='lat' dir='ltr'>postea</span> <span class='ocrx_word' id='word_1_146' title='bbox 411 2437 500 2519; x_wconf 83' lang='lat' dir='ltr'>facta</span> <span class='ocrx_word' id='word_1_147' title='bbox 519 2450 612 2521; x_wconf 90' lang='lat' dir='ltr'>sunt,</span> <span class='ocrx_word' id='word_1_148' title='bbox 627 2437 748 2517; x_wconf 77' lang='lat' dir='ltr'>decora</span> <span class='ocrx_word' id='word_1_149' title='bbox 763 2450 863 2532; x_wconf 85' lang='lat' dir='ltr'>atque</span> <span class='ocrx_word' id='word_1_150' title='bbox 877 2436 979 2506; x_wconf 84' lang='lat' dir='ltr'>laevia.</span> <span class='ocrx_word' id='word_1_151' title='bbox 998 2438 1043 2504; x_wconf 89' lang='lat' dir='ltr'>At</span> <span class='ocrx_word' id='word_1_152' title='bbox 1062 2461 1123 2504; x_wconf 90' lang='lat' dir='ltr'>nos</span> <span class='ocrx_word' id='word_1_153' title='bbox 1140 2460 1197 2524; x_wconf 90' lang='lat' dir='ltr'>ea,</span> <span class='ocrx_word' id='word_1_154' title='bbox 1213 2461 1288 2529; x_wconf 89' lang='lat' dir='ltr'>quae</span> 
     </span>
     <span class='ocr_line' id='line_1_21' title="bbox 219 2541 1288 2637; baseline 0.001 -28"><span class='ocrx_word' id='word_1_155' title='bbox 219 2545 354 2637; x_wconf 87' lang='lat' dir='ltr'>proprie</span> <span class='ocrx_word' id='word_1_156' title='bbox 371 2543 412 2631; x_wconf 84' lang='lat' dir='ltr'>de</span> <span class='ocrx_word' id='word_1_157' title='bbox 425 2542 601 2637; x_wconf 88' lang='lat' dir='ltr'>Tragoedia</span> <span class='ocrx_word' id='word_1_158' title='bbox 621 2543 760 2612; x_wconf 90' lang='lat' dir='ltr'>dicenda</span> <span class='ocrx_word' id='word_1_159' title='bbox 775 2557 870 2630; x_wconf 89' lang='lat' dir='ltr'>sunt,</span> <span class='ocrx_word' id='word_1_160' title='bbox 884 2541 979 2612; x_wconf 89' lang='lat' dir='ltr'>titulo</span> <span class='ocrx_word' id='word_1_161' title='bbox 996 2543 1158 2636; x_wconf 90' lang='lat' dir='ltr'>propositi</span> <span class='ocrx_word' id='word_1_162' title='bbox 1176 2542 1288 2635; x_wconf 88' lang='lat' dir='ltr'>operis</span> 
     </span>
     <span class='ocr_line' id='line_1_22' title="bbox 220 2645 1289 2750; baseline 0 -35"><span class='ocrx_word' id='word_1_163' title='bbox 220 2648 395 2735; x_wconf 82' lang='lat' dir='ltr'>instantes,</span> <span class='ocrx_word' id='word_1_164' title='bbox 415 2651 450 2716; x_wconf 90' lang='lat' dir='ltr'>in</span> <span class='ocrx_word' id='word_1_165' title='bbox 467 2648 532 2727; x_wconf 90' lang='lat' dir='ltr'>alia</span> <span class='ocrx_word' id='word_1_166' title='bbox 553 2663 704 2750; x_wconf 77' lang='lat' dir='ltr'>tempora</span> <span class='ocrx_word' id='word_1_167' title='bbox 725 2649 942 2735; x_wconf 84' lang='lat' dir='ltr'>differamus,</span> <span class='ocrx_word' id='word_1_168' title='bbox 963 2662 996 2716; x_wconf 90' lang='lat' dir='ltr'>et</span> <span class='ocrx_word' id='word_1_169' title='bbox 1017 2647 1059 2716; x_wconf 91' lang='lat' dir='ltr'>de</span> <span class='ocrx_word' id='word_1_170' title='bbox 1080 2649 1133 2716; x_wconf 93' lang='lat' dir='ltr'>his</span> <span class='ocrx_word' id='word_1_171' title='bbox 1154 2645 1289 2716; x_wconf 89' lang='lat' dir='ltr'>Fabulis</span> 
     </span>
    </p>
   </div>
   <div class='ocr_carea' id='block_1_3' title="bbox 110 2751 1330 2849">
    <p class='ocr_par' dir='ltr' id='par_1_3' title="bbox 110 2751 1330 2849">
     <span class='ocr_line' id='line_1_23' title="bbox 110 2751 1330 2849; baseline 0.002 -29"><span class='ocrx_word' id='word_1_172' title='bbox 110 2830 112 2839; x_wconf 25' lang='grc' dir='ltr'>Ι</span> <span class='ocrx_word' id='word_1_173' title='bbox 218 2752 287 2845; x_wconf 88' lang='lat' dir='ltr'>jam</span> <span class='ocrx_word' id='word_1_174' title='bbox 302 2751 489 2848; x_wconf 87' lang='lat' dir='ltr'>loquamur,</span> <span class='ocrx_word' id='word_1_175' title='bbox 503 2780 585 2849; x_wconf 88' lang='lat' dir='ltr'>quas</span> <span class='ocrx_word' id='word_1_176' title='bbox 599 2757 774 2831; x_wconf 83' lang='lat' dir='ltr'>Terentius</span> <span class='ocrx_word' id='word_1_177' title='bbox 792 2756 937 2833; x_wconf 87' lang='lat' dir='ltr'>imitatus</span> <span class='ocrx_word' id='word_1_178' title='bbox 956 2769 1014 2827; x_wconf 85' lang='lat' dir='ltr'>est.</span> <span class='ocrx_word' id='word_1_179' title='bbox 1031 2756 1211 2846; x_wconf 91' lang='lat' dir='ltr'>Postquam</span> <span class='ocrx_word' id='word_1_180' title='bbox 1230 2753 1288 2822; x_wconf 90' lang='lat' dir='ltr'>de·</span> <span class='ocrx_word' id='word_1_181' title='bbox 1323 2820 1330 2827; x_wconf 84' lang='grc'>,</span> 
     </span>
    </p>
   </div>
   <div class='ocr_carea' id='block_1_4' title="bbox 218 2859 1331 4123">
    <p class='ocr_par' dir='ltr' id='par_1_4' title="bbox 219 2859 1331 3065">
     <span class='ocr_line' id='line_1_24' title="bbox 221 2859 1331 2954; baseline 0.001 -27"><span class='ocrx_word' id='word_1_182' title='bbox 221 2859 445 2930; x_wconf 85' lang='lat' dir='ltr'>monstrandae</span> <span class='ocrx_word' id='word_1_183' title='bbox 459 2861 594 2953; x_wconf 90' lang='lat' dir='ltr'>originis</span> <span class='ocrx_word' id='word_1_184' title='bbox 608 2886 707 2930; x_wconf 91' lang='lat' dir='ltr'>causa</span> <span class='ocrx_word' id='word_1_185' title='bbox 725 2861 767 2929; x_wconf 92' lang='lat' dir='ltr'>de</span> <span class='ocrx_word' id='word_1_186' title='bbox 781 2862 949 2954; x_wconf 91' lang='lat' dir='ltr'>utriusque</span> <span class='ocrx_word' id='word_1_187' title='bbox 964 2861 1093 2953; x_wconf 86' lang='lat' dir='ltr'>generis</span> <span class='ocrx_word' id='word_1_188' title='bbox 1107 2859 1201 2929; x_wconf 92' lang='lat' dir='ltr'>initio</span> <span class='ocrx_word' id='word_1_189' title='bbox 1211 2859 1291 2928; x_wconf 84' lang='lat' dir='ltr'>dixi·</span> <span class='ocrx_word' id='word_1_190' title='bbox 1328 2904 1331 2915; x_wconf 89' lang='lat'><em>·</em></span> 
     </span>
     <span class='ocr_line' id='line_1_25' title="bbox 219 2966 899 3065; baseline -0.003 -30"><span class='ocrx_word' id='word_1_191' title='bbox 219 2991 309 3053; x_wconf 89' lang='lat' dir='ltr'>mus;</span> <span class='ocrx_word' id='word_1_192' title='bbox 324 2967 414 3061; x_wconf 92' lang='lat' dir='ltr'>quod</span> <span class='ocrx_word' id='word_1_193' title='bbox 431 2991 564 3051; x_wconf 86' lang='lat' dir='ltr'>neeesse</span> <span class='ocrx_word' id='word_1_194' title='bbox 579 2980 647 3054; x_wconf 83' lang='lat' dir='ltr'>est,</span> <span class='ocrx_word' id='word_1_195' title='bbox 658 2966 726 3065; x_wconf 89' lang='lat' dir='ltr'>jam</span> <span class='ocrx_word' id='word_1_196' title='bbox 740 2966 899 3050; x_wconf 87' lang='lat' dir='ltr'>dicemus.</span> 
     </span>
    </p>

    <p class='ocr_par' dir='ltr' id='par_1_5' title="bbox 218 3061 1295 4123">
     <span class='ocr_line' id='line_1_26' title="bbox 274 3061 1287 3166; baseline -0.004 -23"><span class='ocrx_word' id='word_1_197' title='bbox 274 3073 446 3145; x_wconf 87' lang='lat' dir='ltr'>Comoedia</span> <span class='ocrx_word' id='word_1_198' title='bbox 464 3072 532 3141; x_wconf 87' lang='lat' dir='ltr'>fere</span> <span class='ocrx_word' id='word_1_199' title='bbox 556 3087 669 3160; x_wconf 86' lang='lat' dir='ltr'>vetus,</span> <span class='ocrx_word' id='word_1_200' title='bbox 684 3087 722 3140; x_wconf 87' lang='lat' dir='ltr'>ut</span> <span class='ocrx_word' id='word_1_201' title='bbox 743 3073 814 3166; x_wconf 90' lang='lat' dir='ltr'>ipsa</span> <span class='ocrx_word' id='word_1_202' title='bbox 839 3061 972 3166; x_wconf 82' lang='lat' dir='ltr'>quoque</span> <span class='ocrx_word' id='word_1_203' title='bbox 994 3071 1072 3140; x_wconf 91' lang='lat' dir='ltr'>olim</span> <span class='ocrx_word' id='word_1_204' title='bbox 1089 3071 1287 3166; x_wconf 89' lang='lat' dir='ltr'>Tragoedia,</span> 
     </span>
     <span class='ocr_line' id='line_1_27' title="bbox 221 3167 1290 3274; baseline -0.004 -24"><span class='ocrx_word' id='word_1_205' title='bbox 221 3180 359 3274; x_wconf 84' lang='lat' dir='ltr'>simplex</span> <span class='ocrx_word' id='word_1_206' title='bbox 378 3205 513 3249; x_wconf 90' lang='lat' dir='ltr'>carmen</span> <span class='ocrx_word' id='word_1_207' title='bbox 528 3167 830 3273; x_wconf 89' lang='lat' dir='ltr'>(quemadmodum</span> <span class='ocrx_word' id='word_1_208' title='bbox 838 3179 906 3271; x_wconf 85' lang='lat' dir='ltr'>jam</span> <span class='ocrx_word' id='word_1_209' title='bbox 920 3172 1083 3267; x_wconf 83' lang='lat' dir='ltr'>diximus)</span> <span class='ocrx_word' id='word_1_210' title='bbox 1099 3177 1180 3247; x_wconf 86' lang='lat' dir='ltr'>fuit:</span> <span class='ocrx_word' id='word_1_211' title='bbox 1198 3179 1290 3272; x_wconf 92' lang='lat' dir='ltr'>quod</span> 
     </span>
     <span class='ocr_line' id='line_1_28' title="bbox 219 3284 1291 3378; baseline -0.003 -22"><span class='ocrx_word' id='word_1_212' title='bbox 219 3286 343 3356; x_wconf 81' lang='lat' dir='ltr'>chorus</span> <span class='ocrx_word' id='word_1_213' title='bbox 361 3287 449 3366; x_wconf 78' lang='lat' dir='ltr'>circa</span> <span class='ocrx_word' id='word_1_214' title='bbox 463 3289 543 3364; x_wconf 80' lang='lat' dir='ltr'>aras</span> <span class='ocrx_word' id='word_1_215' title='bbox 558 3284 722 3372; x_wconf 86' lang='lat' dir='ltr'>fumantes</span> <span class='ocrx_word' id='word_1_216' title='bbox 744 3310 833 3372; x_wconf 87' lang='lat' dir='ltr'>nunc</span> <span class='ocrx_word' id='word_1_217' title='bbox 857 3285 1033 3378; x_wconf 88' lang='lat' dir='ltr'>spatiatus,</span> <span class='ocrx_word' id='word_1_218' title='bbox 1052 3308 1142 3351; x_wconf 88' lang='lat' dir='ltr'>nune</span> <span class='ocrx_word' id='word_1_219' title='bbox 1167 3286 1291 3353; x_wconf 89' lang='lat' dir='ltr'>consis-</span> 
     </span>
     <span class='ocr_line' id='line_1_29' title="bbox 219 3389 1290 3484; baseline -0.003 -23"><span class='ocrx_word' id='word_1_220' title='bbox 219 3406 309 3480; x_wconf 81' lang='lat' dir='ltr'>tens,</span> <span class='ocrx_word' id='word_1_221' title='bbox 327 3417 417 3468; x_wconf 87' lang='lat' dir='ltr'>nuuc</span> <span class='ocrx_word' id='word_1_222' title='bbox 435 3389 609 3469; x_wconf 88' lang='lat' dir='ltr'>revolvens</span> <span class='ocrx_word' id='word_1_223' title='bbox 627 3415 745 3484; x_wconf 88' lang='lat' dir='ltr'>gyros,</span> <span class='ocrx_word' id='word_1_224' title='bbox 756 3416 834 3460; x_wconf 91' lang='lat' dir='ltr'>cum</span> <span class='ocrx_word' id='word_1_225' title='bbox 848 3390 981 3471; x_wconf 82' lang='lat' dir='ltr'>tibicine</span> <span class='ocrx_word' id='word_1_226' title='bbox 995 3389 1203 3474; x_wconf 88' lang='lat' dir='ltr'>concinebat.</span> <span class='ocrx_word' id='word_1_227' title='bbox 1222 3391 1290 3473; x_wconf 85' lang='lat' dir='ltr'>Sed</span> 
     </span>
     <span class='ocr_line' id='line_1_30' title="bbox 220 3496 1292 3592; baseline 0.002 -28"><span class='ocrx_word' id='word_1_228' title='bbox 220 3500 328 3592; x_wconf 92' lang='lat' dir='ltr'>primo</span> <span class='ocrx_word' id='word_1_229' title='bbox 348 3523 415 3567; x_wconf 89' lang='lat' dir='ltr'>una</span> <span class='ocrx_word' id='word_1_230' title='bbox 440 3521 582 3592; x_wconf 91' lang='lat' dir='ltr'>persona</span> <span class='ocrx_word' id='word_1_231' title='bbox 603 3496 780 3565; x_wconf 89' lang='lat' dir='ltr'>substituta</span> <span class='ocrx_word' id='word_1_232' title='bbox 806 3511 856 3565; x_wconf 90' lang='lat' dir='ltr'>est</span> <span class='ocrx_word' id='word_1_233' title='bbox 877 3497 1087 3582; x_wconf 85' lang='lat' dir='ltr'>cantoribus,</span> <span class='ocrx_word' id='word_1_234' title='bbox 1108 3520 1196 3588; x_wconf 89' lang='lat' dir='ltr'>quae,</span> <span class='ocrx_word' id='word_1_235' title='bbox 1220 3521 1292 3566; x_wconf 86' lang='lat' dir='ltr'>res·</span> 
     </span>
     <span class='ocr_line' id='line_1_31' title="bbox 220 3600 1292 3698; baseline -0.001 -26"><span class='ocrx_word' id='word_1_236' title='bbox 220 3604 371 3698; x_wconf 92' lang='lat' dir='ltr'>pondens</span> <span class='ocrx_word' id='word_1_237' title='bbox 391 3603 525 3686; x_wconf 82' lang='lat' dir='ltr'>alternis</span> <span class='ocrx_word' id='word_1_238' title='bbox 539 3601 661 3687; x_wconf 88' lang='lat' dir='ltr'>choro,</span> <span class='ocrx_word' id='word_1_239' title='bbox 680 3600 894 3697; x_wconf 87' lang='lat' dir='ltr'>locupletavit</span> <span class='ocrx_word' id='word_1_240' title='bbox 909 3603 1116 3695; x_wconf 89' lang='lat' dir='ltr'>variavitque</span> <span class='ocrx_word' id='word_1_241' title='bbox 1130 3625 1201 3669; x_wconf 87' lang='lat' dir='ltr'>rem</span> <span class='ocrx_word' id='word_1_242' title='bbox 1214 3627 1292 3671; x_wconf 92' lang='lat' dir='ltr'>mu·</span> 
     </span>
     <span class='ocr_line' id='line_1_32' title="bbox 219 3707 1290 3802; baseline -0.003 -23"><span class='ocrx_word' id='word_1_243' title='bbox 219 3713 320 3779; x_wconf 91' lang='lat' dir='ltr'>sicam</span> <span class='ocrx_word' id='word_1_244' title='bbox 335 3735 342 3778; x_wconf 93' lang='lat'><strong>:</strong></span> <span class='ocrx_word' id='word_1_245' title='bbox 362 3724 433 3784; x_wconf 85' lang='lat' dir='ltr'>tum</span> <span class='ocrx_word' id='word_1_246' title='bbox 447 3708 568 3795; x_wconf 82' lang='lat' dir='ltr'>altere,</span> <span class='ocrx_word' id='word_1_247' title='bbox 585 3723 657 3780; x_wconf 93' lang='lat' dir='ltr'>tum</span> <span class='ocrx_word' id='word_1_248' title='bbox 671 3709 785 3797; x_wconf 87' lang='lat' dir='ltr'>tertia,</span> <span class='ocrx_word' id='word_1_249' title='bbox 799 3719 833 3776; x_wconf 87' lang='lat' dir='ltr'>&#39;et</span> <span class='ocrx_word' id='word_1_250' title='bbox 846 3707 888 3792; x_wconf 80' lang='lat' dir='ltr'>ad</span> <span class='ocrx_word' id='word_1_251' title='bbox 898 3723 1101 3802; x_wconf 81' lang='lat' dir='ltr'>postremum</span> <span class='ocrx_word' id='word_1_252' title='bbox 1117 3723 1290 3778; x_wconf 87' lang='lat' dir='ltr'>crescente</span> 
     </span>
     <span class='ocr_line' id='line_1_33' title="bbox 220 3812 1292 3911; baseline -0.005 -25"><span class='ocrx_word' id='word_1_253' title='bbox 220 3841 381 3901; x_wconf 90' lang='lat' dir='ltr'>numero,</span> <span class='ocrx_word' id='word_1_254' title='bbox 398 3841 458 3911; x_wconf 90' lang='lat' dir='ltr'>per</span> <span class='ocrx_word' id='word_1_255' title='bbox 470 3829 622 3885; x_wconf 89' lang='lat' dir='ltr'>auctores</span> <span class='ocrx_word' id='word_1_256' title='bbox 637 3815 979 3908; x_wconf 86' lang='lat' dir='ltr'>diversos,pers0nae,</span> <span class='ocrx_word' id='word_1_257' title='bbox 994 3813 1103 3909; x_wconf 77' lang='lat' dir='ltr'>pallae,</span> <span class='ocrx_word' id='word_1_258' title='bbox 1116 3812 1292 3899; x_wconf 85' lang='lat' dir='ltr'>cothurni,</span> 
     </span>
     <span class='ocr_line' id='line_1_34' title="bbox 220 3921 1288 4027; baseline -0.003 -36"><span class='ocrx_word' id='word_1_259' title='bbox 220 3924 321 4008; x_wconf 91' lang='lat' dir='ltr'>socci,</span> <span class='ocrx_word' id='word_1_260' title='bbox 329 3935 363 3989; x_wconf 88' lang='lat' dir='ltr'>et</span> <span class='ocrx_word' id='word_1_261' title='bbox 377 3924 486 4003; x_wconf 86' lang='lat' dir='ltr'>caeteri</span> <span class='ocrx_word' id='word_1_262' title='bbox 499 3937 636 4008; x_wconf 79' lang='lat' dir='ltr'>ornatus</span> <span class='ocrx_word' id='word_1_263' title='bbox 647 3935 745 4027; x_wconf 89' lang='lat' dir='ltr'>atque</span> <span class='ocrx_word' id='word_1_264' title='bbox 759 3921 899 4024; x_wconf 86' lang='lat' dir='ltr'>insignia</span> <span class='ocrx_word' id='word_1_265' title='bbox 913 3923 1119 3990; x_wconf 90' lang='lat' dir='ltr'>scenicorum</span> <span class='ocrx_word' id='word_1_266' title='bbox 1134 3933 1288 4013; x_wconf 86' lang='lat' dir='ltr'>reperta:</span> 
     </span>
     <span class='ocr_line' id='line_1_35' title="bbox 218 4025 1295 4123; baseline 0 -26"><span class='ocrx_word' id='word_1_267' title='bbox 218 4044 252 4099; x_wconf 91' lang='lat' dir='ltr'>et</span> <span class='ocrx_word' id='word_1_268' title='bbox 271 4027 313 4098; x_wconf 94' lang='lat' dir='ltr'>ad</span> <span class='ocrx_word' id='word_1_269' title='bbox 329 4029 394 4100; x_wconf 88' lang='lat' dir='ltr'>hoe</span> <span class='ocrx_word' id='word_1_270' title='bbox 409 4030 586 4123; x_wconf 91' lang='lat' dir='ltr'>unicuique</span> <span class='ocrx_word' id='word_1_271' title='bbox 604 4054 681 4098; x_wconf 90' lang='lat' dir='ltr'>suus</span> <span class='ocrx_word' id='word_1_272' title='bbox 699 4028 832 4097; x_wconf 90' lang='lat' dir='ltr'>habitus</span> <span class='ocrx_word' id='word_1_273' title='bbox 847 4053 854 4095; x_wconf 93' lang='lat'>:</span> <span class='ocrx_word' id='word_1_274' title='bbox 872 4041 905 4096; x_wconf 92' lang='lat' dir='ltr'>et</span> <span class='ocrx_word' id='word_1_275' title='bbox 920 4026 963 4097; x_wconf 91' lang='lat' dir='ltr'>ad</span> <span class='ocrx_word' id='word_1_276' title='bbox 982 4025 1134 4096; x_wconf 89' lang='lat' dir='ltr'>ultimum</span> <span class='ocrx_word' id='word_1_277' title='bbox 1150 4025 1207 4118; x_wconf 87' lang='lat' dir='ltr'>qui</span> <span class='ocrx_word' id='word_1_278' title='bbox 1223 4028 1295 4119; x_wconf 87' lang='lat' dir='ltr'>pri-</span> 
     </span>
    </p>
   </div>
   <div class='ocr_carea' id='block_1_5' title="bbox 0 0 1350 4830">
    <p class='ocr_par' dir='ltr' id='par_1_6' title="bbox 0 0 1350 4830">
     <span class='ocr_line' id='line_1_36' title="bbox 0 0 1350 4830; baseline 0 0"><span class='ocrx_word' id='word_1_279' title='bbox 0 0 1350 4830; x_wconf 95' lang='lat' dir='ltr'> </span> 
     </span>
    </p>
   </div>
  </div>
 </body>
</html>
