2684 4830
232 359 296 426 DE
323 358 473 428 DICTIS
500 360 545 426 D.
573 362 607 427 F.
636 359 931 430 PETRARCHAE.
1021 383 1121 435 uvrt

109 491 213 560 umus
235 502 388 577 testatur,
405 490 559 583 praetoria
573 488 698 559 familia
713 503 827 576 ortus,
842 504 878 560 et
890 491 977 558 inter
993 515 1119 584 paucos

109 597 200 667 rtorii
231 595 359 664 ordinis
385 594 586 689 splendidus
609 597 680 685 Qui
697 597 799 666 etiam
823 610 900 690 post
917 595 954 665 id
971 610 1123 692 tempus,

109 701 286 788 cscilicet,
300 726 405 797 quum
427 703 590 796 Scipionis
607 701 711 773 irater
729 716 905 776 accusatus
914 716 966 772 est
984 704 1120 791 Romae,

109 798 224 881 turam
242 811 353 903 gessit
369 809 434 880 Hic
449 833 531 902 ergo
549 808 787 903 triumphantis
799 833 938 880 currum
953 810 1120 903 Scipionis

110 931 242 987 secutus
255 929 323 1001 est,
339 914 429 1010 pileo
443 916 545 1010 capiti
559 917 736 1010 imposito,
755 915 847 1010 quod
867 914 999 987 donate
1016 914 1119 987 liber·

110 1024 276 1117 ssignum
299 1036 380 1092 erat.
401 1023 556 1111 Quatuor
575 1021 678 1093 millia
700 1021 860 1117 siquidem
888 1021 1121 1093 Romanorum

110 1154 187 1219 nm,
209 1130 267 1223 qui
284 1127 373 1199 bello
393 1130 520 1199 Punico
533 1129 623 1225 eapti
643 1143 739 1200 erant
753 1143 787 1201 et
803 1129 838 1199 iu
859 1129 1052 1200 servitutem
1071 1153 1120 1199 re·

110 1238 151 1324 ti,
169 1237 280 1307 victor
307 1237 418 1330 Scipio
448 1233 605 1305 liberatos
625 1237 660 1304 in
690 1236 832 1329 patriam
860 1234 1001 1305 reduxit.
1025 1239 1121 1307 Inter

110 1367 126 1414 s
146 1341 212 1414 fuit
225 1343 281 1415 bic
297 1343 491 1428 Terentius,
508 1342 551 1412 de
563 1366 632 1436 quo
644 1341 730 1428 dixi,
745 1357 779 1425 et
796 1355 864 1412 tam
879 1366 1009 1412 memor
1022 1343 1121 1413 bene-

127 1452 275 1544 accepti,
293 1463 429 1544 tamque
453 1447 663 1543 singulariter
680 1463 759 1518 ante
783 1473 899 1521 omnes
925 1464 1062 1542 gratus,
1081 1464 1121 1521 ut

115 1580 251 1627 omnem
271 1556 374 1625 vitam
395 1554 607 1627 liberatorem
620 1579 718 1625 suum
736 1556 928 1650 Scipionem
943 1556 1037 1625 omni
1054 1555 1119 1625 ob·
1210 1597 1215 1618 .

111 1662 159 1730 rio
170 1685 212 1733 ac
221 1663 412 1756 patrociniis
426 1663 537 1732 debita
551 1663 765 1735 veneratione
778 1660 929 1731 coluerit.
941 1662 1119 1756 Triumphi

111 1792 153 1839 em
174 1767 231 1838 die
248 1784 326 1863 post
343 1793 421 1837 eum
442 1767 583 1862 pileatus
603 1769 750 1852 incessit,
770 1767 837 1836 hoc
853 1781 923 1852 est,
938 1764 1047 1836 liberti
1062 1767 1121 1837 ba-

119 1891 132 1960 3
158 1877 255 1968 quasi
276 1899 338 1968 per
356 1872 442 1943 illius
462 1875 525 1942 viri
548 1875 705 1943 virtutem
728 1897 763 1943 se
785 1872 931 1943 libertati
950 1871 1119 1947 redditum
1182 1903 1185 1910 ·

111 1979 167 2049 ulo
191 1982 346 2049 Romano
375 1978 464 2073 pileo
490 1992 633 2049 testante
653 1978 865 2051 denuntians
892 1980 977 2068 Quae
1006 1982 1119 2051 omnin

111 2085 129 2155 d
142 2073 425 2170 Titum'Livium,
441 2084 695 2157 celeberrimum
707 2085 922 2169 historicum,
935 2100 1016 2156 nota
1029 2101 1117 2159 sunt.

125 2195 238 2281 minus
257 2194 361 2262 miror
380 2191 595 2265 scholasticos
614 2192 806 2263 hocerrore
821 2192 996 2287 deceptos,
1014 2217 1119 2286 quum

112 2297 163 2371 ius
177 2300 319 2371 Orosius
333 2299 398 2368 hoe
418 2301 608 2394 scripserit:
627 2298 669 2367 de
686 2324 753 2393 quo
772 2298 955 2369 admodum
968 2300 1118 2386 mirarer,

120 2405 217 2500 quod
234 2403 402 2475 interdum
428 2430 549 2500 magna
576 2404 709 2500 quidem
732 2407 864 2501 ingenia
881 2420 916 2477 et
944 2406 980 2474 in
1004 2404 1117 2477 multis

112 2526 206 2609 sputa
221 2526 255 2584 et
267 2513 354 2581 inter
371 2512 587 2587 difficultates
599 2526 711 2591 erecta
731 2537 897 2607 equorum
913 2513 1018 2581 instar
1040 2535 1118 2604 pro·

125 2620 297 2689 incautam
308 2620 519 2691 securitatem
529 2621 563 2691 iu
578 2617 678 2714 plano
697 2621 869 2713 cespitant.
884 2616 1046 2689 Identites
1059 2642 1119 2689 no·

112 2727 152 2815 ia,
170 2727 207 2797 ni
228 2724 338 2811 fallor,
357 2751 505 2797 errorem
523 2725 622 2811 iecit,
638 2724 730 2818 quod
750 2724 877 2797 scilicet
895 2738 1037 2819 uterque
1050 2726 1113 2796 Te·

113 2832 172 2905 ius
186 2831 253 2905 Sed
271 2833 534 2926 circumspectus
549 2833 730 2901 homouon
741 2831 943 2926 vidit,quod
956 2857 992 2903 se
1005 2829 1112 2903 oculis

113 2938 226 3026 rebat,
246 2939 281 3009 in
306 2939 420 3032 primis
443 2939 668 3020 diversitatem
692 2939 948 3033 cognominum,
971 2961 1045 3032 quae
1068 2938 1113 3007 ad

113 3046 273 3119 retinncm
300 3045 475 3117 nominum
503 3060 585 3117 sunt
608 3047 760 3131 inventa,
788 3044 881 3139 quod
910 3042 1036 3117 scilicet
1059 3042 1115 3115 ille

113 3153 212 3238 tntius
232 3150 356 3237 Culeo,
370 3151 426 3221 hic
440 3153 615 3223 Terentius
629 3151 724 3238 Afer,
737 3164 774 3223 ut
786 3149 873 3221 tituli
887 3151 987 3244 bajus
1002 3151 1116 3245 operis

113 3273 210 3346 cant3
228 3255 282 3327 ille
299 3260 487 3343 Romanus,
508 3259 569 3329 iste
589 3248 874 3352 Carthaginiensis
896 3273 905 3321 τ
929 3255 984 3327 ille
1003 3281 1024 3327 e
1042 3281 1116 3329 ser·

113 3388 141 3437 ‘e
157 3366 194 3435 in
210 3362 416 3452 libertatem,
438 3366 499 3435 iste
515 3378 626 3435 autem
648 3378 768 3435 contra
785 3387 805 3433 e
825 3361 977 3435 libertate
996 3365 1030 3431 iu
1045 3387 1113 3432 ser-

113 3485 180 3547 tem
199 3470 338 3558 ductus3
353 3469 408 3541 ille
421 3485 565 3558 senator,
579 3471 636 3544 hio
650 3485 768 3566 poetn;
781 3468 837 3541 ille
846 3471 915 3564 jam
928 3470 1040 3541 senior
1053 3494 1115 3556 eo,

114 3602 191 3672 ruer
208 3602 251 3649 eo
269 3591 440 3672 tempore,
457 3601 526 3672 quo
543 3602 563 3647 a
579 3578 741 3649 Romanis
755 3575 896 3647 ducibus
913 3591 1033 3670 captus
1044 3589 1111 3648 est:

114 3707 159 3757 ua
182 3685 440 3778 captivitateob
462 3682 658 3780 elegantiam
685 3707 819 3755 morum
847 3682 891 3753 ad
913 3706 1112 3776 inagnorum

114 3803 127 3861 t
146 3791 327 3878 amicitiam
345 3805 448 3884 utque
467 3791 515 3864 ait
534 3790 699 3865 Eusebius
714 3785 799 3863 libro
813 3789 856 3859 de
873 3789 1114 3884 Temporibus,

114 3898 271 3991 ngem‘um
291 3898 483 3969 otformam
500 3896 655 3971 libertate
666 3897 811 3969 donatus
828 3899 989 3969 escleto
1004 3894 1111 3967 totdi·

114 4003 209 4077 itetes
235 4003 349 4075 fallere
379 4028 446 4077 una
466 4029 535 4075 non
556 4003 723 4081 debuisset
749 4002 915 4075 identitas·
946 4003 1011 4073 Hic
1030 4025 1117 4072 sane

1135 4216 1293 4547 ᾗ
