2684 4830
132 421 168 466 vr
315 396 569 466 PRAEFATIO
594 398 732 468 NOVI
760 400 1008 469 EDITORIS

130 630 239 686 vera
256 598 455 687 auctoris
472 629 638 712 manu,
658 597 940 689 doluerimus
959 597 1086 723 quod
1106 632 1201 689 non

128 756 284 879 plures
324 755 619 879 impendisset
661 791 792 849 curas
833 760 882 846 in
918 758 1202 882 explanando

133 947 282 1005 sensu.
303 917 361 1003 Et
378 913 571 1030 idcirco,
594 917 813 1039 pauculas
842 950 956 1042 quas
985 915 1040 1007 de
1065 919 1203 1007 inter-

131 1073 387 1196 pretatione
420 1074 569 1161 emisit
599 1094 731 1164 notas
761 1106 858 1163 non
894 1076 1106 1164 omittere
1140 1107 1205 1164 se·

132 1228 243 1320 dulo
262 1251 307 1320 et
326 1229 524 1321 studiose
542 1235 851 1354 praecavimus.

193 1391 237 1478 N
239 1419 300 1478 on
329 1386 668 1513 dedignandam
684 1391 797 1479 item
817 1391 1077 1480 censuimus
1101 1423 1207 1513 ope·

132 1576 235 1634 ram
253 1578 395 1669 quam
421 1548 471 1634 in
489 1549 706 1639 Terentio
727 1547 966 1638 collocavit
987 1550 1083 1637 sine
1110 1549 1218 1680 ullo,

101 1794 107 1805 ,
135 1699 280 1816 fastu,
303 1723 348 1792 et
376 1705 425 1791 in
447 1737 585 1835 usum
611 1703 935 1795 tantummodo
954 1705 1208 1825 juventutis

89 1890 96 1897 ·
135 1863 226 1949 J0s.
246 1864 514 1975 Juvrncrus,
534 1838 760 1951 societatis
778 1865 898 1951 Jesu.

198 2018 342 2110 Nobis
378 2019 605 2145 denique,
643 2053 697 2109 ex
737 2021 890 2111 latinis
935 2043 1210 2112 commenta·

50 2190 55 2197 ’
136 2177 243 2292 riis,
275 2178 476 2267 multum
502 2177 677 2302 profuit
698 2180 1038 2303 interpretati0,
1069 2213 1211 2305 quam

138 2336 289 2426 soluto
327 2370 536 2428 sermone
571 2337 691 2428 infra
731 2359 908 2427 textum
946 2338 1211 2461 subscripsit

139 2494 427 2617 Delphiniaci
468 2498 672 2586 Terentii
711 2493 859 2587 editor
899 2499 1001 2588 Nrc.
1039 2498 1208 2589 Canus.

141 2652 281 2771 Cujus
325 2655 493 2744 auxilio
530 2653 679 2744 lucide
713 2652 962 2745 admodum
996 2687 1213 2743 versuum

140 2813 415 2900 sententiam
448 2811 750 2927 reddidimus,
787 2812 869 2901 ubi
903 2814 1063 2935 saepius
1095 2832 1213 2902 tace·

140 2966 255 3058 bant
272 2970 437 3095 reliqui
458 2968 764 3060 adnotatores.

200 3129 459 3242 Pauciores,
482 3158 748 3251 quanquam
775 3146 932 3215 tamen
955 3127 1216 3253 nonnegli-

142 3282 298 3408 gendae
320 3284 548 3398 utilitatis,
571 3285 620 3378 in
637 3283 881 3374 vernacula
905 3283 1063 3411 lingua
1079 3282 1215 3373 nohis

142 3441 335 3565 contigit
349 3441 684 3562 opesinvenire.
701 3443 930 3566 Namque,
952 3442 1117 3530 omissa
1130 3443 1217 3530 Da-

140 3598 300 3712 cieria,
321 3629 463 3721 quam
495 3599 602 3687 satis
630 3619 719 3713 est,
746 3619 798 3687 ut
827 3619 1062 3721 putamus,
1089 3621 1241 3689 nune'

141 3756 404 3871 nominare,
429 3758 616 3847 accessit
638 3759 687 3845 in
712 3755 967 3847 subsidium
984 3758 1216 3846 recentior

136 3915 338 4004 Terentii
360 3918 677 4037 interpretatio
696 3918 774 4008 Cu.
790 3920 893 4005 Vm.
916 3917 1216 4029 Lenonnrnn,
