2684 4830
232 381 341 428 xxvru
567 359 825 429 TERENTII
857 363 977 429 VITA.

234 491 408 561 Terentius
435 519 454 560 a
479 494 643 587 principio
673 493 857 585 juventutis
883 500 950 562 suae
972 492 1077 560 fertur
1102 517 1122 560 a
1149 495 1302 562 Terentio

235 598 381 694 quodam
397 601 535 667 Lucano
557 611 708 693 emptus,
731 624 833 693 aquo
852 614 886 667 et
899 624 1021 667 nomen
1040 601 1148 693 ipsum
1168 599 1301 668 fortasse

214 703 348 800 'potuit
368 702 540 798 accipere,
562 703 656 772 aliter
679 719 778 774 antea
800 704 907 775 dictus
935 705 1023 801 apud
1044 731 1130 774 suos.
1159 707 1218 774 De¹
1242 706 1301 774 hoc

239 826 351 880 tamen
369 824 490 904 praeter
512 810 737 903 conjecturam
756 811 865 879 habeo
884 811 975 880 nihil.
994 809 1035 880 Id
1050 811 1141 906 quod
1158 826 1300 896 constat,

238 915 365 987 litteras
373 916 509 985 Latinas
523 918 639 985 Romae
655 916 785 1000 didicit,
799 916 840 985 ad
855 920 1019 1012 poeticam
1033 929 1171 1013 pronus,
1183 932 1215 986 et
1230 943 1302 1013 pra·

236 1025 334 1118 cipue
347 1022 571 1111 'comoediam3
590 1048 658 1118 qno
679 1025 713 1091 in
732 1048 852 1118 genere
872 1023 982 1109 facilc,
1003 1038 1042 1093 ut
1065 1024 1146 1093 mihi
1165 1017 1318 1111 videtur,

237 1152 353 1199 omnes
369 1143 446 1197 ante
465 1154 500 1198 se
518 1131 608 1198 vicit.
622 1129 712 1197 Nam
723 1137 900 1224 sequentes·
911 1133 1010 1199 etiam
1026 1154 1045 1198 a
1061 1130 1237 1200 scribendo
1252 1130 1301 1199 de·

236 1235 376 1321 terruit,
394 1260 456 1304 nec
470 1235 555 1320 fere,
570 1261 670 1330 quem
683 1238 848 1324 noverim,
864 1236 1034 1306 comoediae
1047 1239 1190 1331 scriptor
1200 1235 1301 1323 clarus

237 1355 313 1436 post
327 1343 518 1410 Terentium
537 1342 607 1411 luit.
623 1344 761 1437 Scripsit
772 1342 950 1412 comoedias
961 1343 1073 1412 forsan
1087 1341 1220 1437 plures'3
1231 1342 1301 1427 sed,

238 1473 312 1542 quae
333 1446 504 1516 habentur·
521 1449 556 1517 in
584 1449 759 1538 manibus,
780 1473 837 1518 sex
859 1464 954 1537 sunt,
972 1473 1045 1544 quae
1067 1473 1128 1544 per
1157 1448 1302 1518 ordinem

237 1554 304 1623 hoc
325 1552 492 1623 volumine
511 1556 741 1624 continentur:
759 1557 910 1648 quamvis
927 1557 997 1650 ipse
1013 1555 1097 1624 ordo
1111 1580 1181 1624 non
1194 1558 1230 1624 in
1243 1573 1309 1624 om*

238 1659 335 1728 nibus
346 1659 569 1730 voluminibus
584 1671 671 1729 unus
687 1663 737 1729 sit.
755 1663 947 1756 Utcumque
964 1687 1044 1731 vero
1059 1663 1124 1730 sint
1138 1660 1229 1746 aliae,
1242 1662 1304 1729 ubi·

238 1791 303 1861 que
323 1769 432 1862 prima
451 1767 600 1834 omnium
627 1781 678 1835 est
695 1767 840 1860 Andria:
857 1792 957 1861 quarn
973 1767 1189 1855 oomoedia'm,
1209 1769 1304 1863 prius·

240 1897 340 1966 quam
363 1870 511 1940 aedilibus
532 1871 708 1959 venderet,
731 1886 770 1939 ut
796 1872 958 1942 Eusebius
984 1874 1079 1942 idem'
1096 1874 1156 1961 ait,
1177 1872 1304 1943 Caecilio

239 1978 386 2047 multum
403 2003 438 2047 se
456 1978 590 2046 miranti
609 1976 699 2072 legit.
719 1979 773 2046 De
791 1980 931 2047 materia
951 1978 1202 2049 Comoediarum
1221 1979 1305 2072 loqui

133 2150 135 2153 .
240 2084 406 2180 prolixum
426 2098 492 2153 est:
510 2083 551 2152 de
572 2086 776 2178 expositione
793 2083 960 2178 prolixius.
980 2085 1044 2155 Sed
1059 2089 1220 2180 cujusque
1236 2101 1304 2153 m'a·

239 2193 356 2259 teriam
372 2192 407 2259 in
427 2204 623 2286 argumento
645 2191 715 2284 ejus
735 2190 942 2284 perbreviter
955 2193 1230 2287 comprehensam
1252 2190 1306 2260 lec

240 2313 295 2366 tor
323 2298 492 2383 inveniet3
520 2298 760 2390 expositionem
787 2297 896 2365 studio
925 2312 958 2366 et
985 2299 1118 2393 ingenio
1144 2297 1305 2366 molietur.

243 2407 358 2474 Genus
385 2405 546 2499 poematis
579 2427 713 2472 carmen
734 2403 935 2490 iambicum,
953 2404 1011 2473 sed
1032 2406 1170 2473 varium.
1204 2404 1306 2474 lambi

240 2513 329 2579 enim
344 2511 489 2579 materia
500 2511 635 2578 comicae
649 2511 718 2605 apti
728 2523 816 2579 sunt·
831 2513 873 2577 In
888 2511 1069 2580 Comoediis
1083 2510 1217 2605 quidem
1235 2535 1306 2579 nus·

240 2641 340 2711 quam
365 2617 492 2686 Auctor
521 2616 679 2711 loquitur,
704 2616 762 2685 sed
786 2615 983 2686 introductae
1010 2630 1185 2713 personae:
1212 2642 1308 2712 quem

239 2749 367 2801 morem
380 2724 436 2791 hic
450 2722 492 2791 ad
505 2722 666 2818 Prologos
683 2723 862 2791 transferre
877 2725 1013 2810 nititur;
1028 2723 1148 2817 quibus
1164 2723 1306 2792 scriben-

135 2885 136 2888 ,
242 2830 293 2900 dis
316 2828 511 2898 aemulorum
525 2830 653 2898 invidia
664 2853 797 2898 causam
812 2828 912 2898 dedit.
928 2829 1211 2924 Respondendum
1225 2832 1312 2899 enim

242 2952 331 3023 erat,
349 2962 391 3003 ne
411 2935 496 3005 forte
510 2937 694 3030 procacitas
711 2935 849 3029 gloriam
869 2951 1062 3019 mereretur,
1076 2936 1310 3031 infamiamque

239 3043 408 3112 modestia.
432 3046 562 3110 Horum
580 3066 664 3110 vero
683 3040 822 3110 stimulis
838 3065 876 3111 ac
891 3044 1030 3111 vocibus
1046 3045 1188 3138 agitatus
1206 3044 1309 3113 fertur

241 3151 390 3218 Athenas
410 3151 557 3243 petiisse,
574 3161 612 3214 ut
631 3150 824 3216 Graecorum
840 3149 971 3242 penitus
991 3151 1122 3244 ingenia
1138 3173 1310 3244 moresque

243 3270 456 3349 pernosceret
472 3280 479 3322 :
500 3269 550 3338 ct,
562 3279 664 3348 quum
676 3308 685 3341 ‚
699 3252 812 3322 multis
832 3255 866 3322 in
882 3256 1034 3325 Latinam
1046 3255 1193 3351 linguam
1209 3270 1312 3326 trans·

241 3360 332 3443 latis,
354 3376 430 3456 post
452 3359 586 3454 aliquod
601 3374 733 3454 tempus
752 3362 821 3429 voti
836 3386 973 3456 compos
988 3366 1130 3431 Romam
1152 3375 1311 3431 remearet

212 3492 215 3497 ·
242 3492 318 3535 cum
338 3466 508 3536 sarcinulis
524 3481 557 3534 et
573 3466 772 3553 Comoediis,
787 3491 867 3560 quas
887 3468 932 3537 ibi
946 3471 1140 3564 scripserat,
1154 3471 1188 3536 in
1201 3470 1310 3538 navim

241 3575 420 3667 impositis,
451 3576 521 3668 ipse
545 3574 693 3642 terrestri
718 3572 834 3642 itinere
861 3578 976 3644 Patras
1000 3577 1203 3670 perrexisse:
1225 3575 1307 3644 unde

240 3681 334 3747 brevi
356 3682 497 3750 transitu
510 3681 550 3748 'in
566 3679 695 3748 Italiam
715 3682 894 3774 navigaret.
916 3683 984 3752 Ubi
1001 3672 1306 3776 exspectataenavis

238 3785 352 3854 audito
377 3786 571 3881 naufragio,
592 3787 784 3881 qumeirca'
797 3789 913 3856 Sinum
933 3788 1103 3882 Illyricum
1129 3779 1309 3880 periclitata

233 3896 322 3979 erat,
341 3897 443 3962 tantae
456 3894 592 3987 jacturae
607 3893 721 3963 dolore
741 3886 911 3988 permotus
925 3884 1138 3988 Stimphalim
1155 3895 1190 3962 in
1203 3897 1300 3964 Arca*

231 3998 320 4069 diam
350 3999 555 4072 decessisse:
583 4001 693 4096 ibique
721 4000 897 4070 defunctus
926 4025 968 4069 ac
999 3988 1304 4094 sepultus‘p'ublice
