2684 4830
385 325 520 397 NOVl
548 320 820 395 EDITORIS.
1051 354 1139 398 xxxv

72 458 223 528 Victorino
241 472 277 528 et
290 459 442 528 Pocticcs
459 457 570 528 lauros
592 460 759 553 succingi,-
772 480 872 552 quam
895 472 933 526 ut
949 482 1006 535 ess
1027 458 1139 533 lauros

69 566 348 660 praestantissimo
359 566 621 659 amicissimoque
640 567 715 635 viro
731 564 927 659 denegaret,
945 578 981 634 ct
995 590 1050 635 eas
1068 572 1140 662 qui·

10 758 14 773 Ι
66 672 141 740 dem
156 673 301 740 maxime
320 672 465 740 meritas.

10 780 12 787 '
120 777 221 867 Quod
240 779 360 846 attinet
373 777 417 847 sd
437 776 592 862 Loelium,
608 778 665 872 qui
683 776 884 871 cognomine
896 775 1071 849 dicebatur
1086 804 1141 849 ss·

65 884 175 976 piens,
188 897 262 953 tum
278 908 319 952 ex
337 882 515 978 tranquilla
533 885 637 979 ipsius
656 883 741 968 vita,
760 897 832 951 tum
845 884 951 977 magis
970 909 1012 953 ex
1029 885 1141 956 multis
1229 950 1233 965 ,

64 988 162 1058 Tullii
182 987 347 1077 laudibus,
365 1003 498 1059 constat
516 991 585 1059 sine
605 989 708 1062 dubio
731 1013 809 1057 eum
834 987 936 1058 finisse
956 988 1140 1061 litterarum

61 1097 399 1188 peramantissimum.
420 1091 522 1166 Hunc
539 1095 712 1191 anteponit
728 1093 900 1189 Scipioni¹
919 1094 1063 1185 Tullium
1082 1098 1141 1168 sed

58 1204 204 1272 cratoris
225 1201 458 1272 tantummodo
476 1200 609 1270 laudem
631 1201 711 1271 huic
729 1203 864 1287 asserit3
885 1214 919 1269 et
945 1227 1048 1295 quum
1072 1229 1142 1273 mc·

60 1323 171 1378 moret
183 1307 277 1378 illum
292 1332 415 1403 magno
429 1290 549 1377 ardorb
560 1308 603 1376 ad
617 1306 829 1377 scribendum
843 1307 1049 1390 incubuisse,
1061 1335 1139 1404 pro*

58 1413 118 1483 bat
140 1414 207 1485 hoc
224 1416 298 1509 ipso
323 1414 471 1483 futuram
496 1414 596 1484 fuisse
615 1413 705 1509 apud
722 1411 868 1482 Tullium
897 1413 938 1482 de
969 1417 1140 1487 comoediis

58 1519 155 1589 Laelii
171 1521 396 1609 mentionem,
414 1521 441 1589 si
458 1544 513 1589 eas
529 1538 644 1589 revera
658 1520 897 1613 composuisset
912 1519 1041 1590 Laelius.

117 1626 168 1696 Ad
187 1627 261 1695 haec
275 1627 388 1695 omnia
402 1626 546 1712 accedit,
560 1626 650 1720 quod
665 1626 779 1719 Scipio
794 1639 829 1694 et
846 1624 967 1694 Laelius
979 1641 1060 1695 natu
1078 1630 1140 1697 rni-

58 1757 159 1806 norcs
177 1746 288 1802 essent
306 1757 406 1827 quam
428 1733 619 1821 Terentius,
636 1732 731 1802 annis
749 1756 888 1816 novem,
909 1733 935 1800 si
961 1732 1148 1803 audiantur*
1229 1756 1232 1763 ·

56 1840 214 1908 Dacieria
229 1853 265 1908 et
278 1842 360 1907 Tan.
380 1834 497 1907 Faber.
513 1842 588 1906 lmo
606 1838 806 1933 pervicimus
823 1839 1014 1906 Terentium
1034 1841 1069 1907 in
1089 1839 1138 1908 lu·

57 1971 132 2014 cem
152 1946 284 2014 venisse
299 1946 463 2014 maturius
484 1967 585 2038 quam
601 1945 665 2038 ipsi
684 1957 905 2012 asseruerunt.
927 1943 1017 2032 Quid
1035 1947 1136 2040 igitur

56 2052 243 2146 adjumenti
265 2052 426 2146 potuisset
440 2055 575 2145 sperare
592 2050 634 2119 de
658 2049 789 2119 duobus
809 2048 1063 2121 adolescentulis
1083 2056 1137 2147 qui

56 2160 264 2254 trigesimam
284 2157 435 2227 nondum
453 2171 583 2229 aetatem
604 2159 803 2252 attigerant,
825 2179 929 2250 quum
948 2158 983 2224 in
1005 2160 1133 2228 Graecis

57 2279 212 2334 mortuns
226 2265 443 2357 est,nempe,
461 2262 552 2331 haud
564 2264 611 2331 ita
627 2261 734 2332 multo
754 2276 931 2356 postquam
948 2262 990 2330 ab
1002 2265 1049 2332 eis
1067 2265 1132 2335 dis·

57 2367 231 2440 cessisset?
544 2376 547 2384 '

109 2477 251 2572 Optime
273 2470 394 2570 prohat
416 2475 569 2545 Dacieria
577 2471 601 2561 ²,
616 2473 666 2541 uti
689 2473 845 2557 fatemur,
870 2496 967 2568 posse
992 2473 1079 2558 fieri,
1093 2491 1132 2547 ut

56 2584 130 2678 quis
146 2581 314 2676 elegantes
330 2595 408 2650 ante
425 2581 512 2650 hanc
529 2593 659 2649 oetatem
674 2581 796 2648 scribat
811 2578 1003 2664 comoedias,
1023 2605 1127 2673 quan-

57 2688 237 2784 doquidem
247 2688 441 2775 Terentius,
456 2688 651 2781 vigesimum
671 2683 880 2754 solummodo
897 2700 932 2754 et
949 2687 1126 2780 septimum

56 2820 183 2864 annum
211 2807 309 2863 natus
342 2794 501 2863 Andriam
535 2792 706 2878 ediderat3
738 2790 814 2875 sed,
841 2803 923 2861 tunc
952 2796 1126 2887 temporis,

56 2902 168 2971 adbuc
191 2925 277 2995 puer
299 2914 370 2969 erat
396 2900 524 2994 Scipi03
548 2896 688 2992 quodsi
715 2911 825 2966 autem
852 2898 1028 2983 Andriam,
1055 2927 1126 2969 non

55 3008 237 3102 adjuvante
252 3008 423 3101 Scipione,
440 3007 551 3100 potuit
564 3019 676 3074 noster
692 3007 794 3073 Poeta
807 3027 1024 3098 componere,
1043 3008 1124 3099 quid

56 3129 147 3184 vetat
162 3113 253 3183 idem
272 3137 343 3183 esse
356 3113 398 3181 de
416 3110 562 3183 caeteris?

108 3224 254 3314 Insuper
268 3219 373 3288 credit
390 3217 509 3287 mulier
518 3217 718 3304 doctissima,
736 3236 775 3283 ea
789 3215 830 3283 de
849 3215 968 3309 quibus
985 3217 1040 3286 hic
1053 3218 1122 3288 dis-

52 3329 212 3414 serimus,
223 3327 380 3394 Terentio
405 3325 535 3418 objecta
554 3324 654 3393 fuisse
667 3323 807 3392 nonnisi
824 3321 888 3390 sub
905 3323 981 3397 vitae
998 3323 1121 3411 finem,

55 3449 90 3504 et
115 3447 190 3502 tum
217 3433 379 3528 primum,
403 3456 507 3527 quum
526 3424 639 3500 'edidit
663 3426 809 3498 fabulam
830 3453 903 3522 quae
929 3429 1120 3499 inscribitur

55 3539 468 3624 Heautontimorumenos,
480 3538 548 3606 duo
557 3550 591 3606 et
598 3536 717 3631 viginti
733 3559 838 3604 annos
856 3535 1010 3628 Scipione
1029 3550 1119 3606 nato.

100 3768 126 3803 1.
139 3747 242 3817 Dialog.
256 3744 291 3798 de
304 3746 430 3811 Oratore,
440 3745 569 3798 initi0.-
613 3774 653 3787 -
667 3745 708 3796 De
727 3743 836 3809 officiis,
850 3740 897 3796 lib.
912 3744 949 3796 11.
967 3773 1007 3786 --
1022 3745 1062 3796 De
1077 3764 1122 3798 na·

56 3831 98 3882 De
115 3828 214 3881 fluibus
229 3827 364 3879 bonorum
382 3825 568 3885 etmalorum,
614 3837 674 3877 tura
686 3821 814 3888 deorum,
828 3820 877 3875 lib.
890 3824 942 3874 111.

55 3909 104 3962 lib.
119 3903 432 3971 II.-Lcelius,sivede
446 3904 570 3957 amicitia.
655 3924 680 3956 2.
704 3902 781 3955 Notae
801 3919 866 3973 quas
888 3901 1009 3973 adjunxit
1026 3902 1122 3956 doctis·

57 3987 215 4053 -Brutus,
223 4004 270 4039 sen
279 3983 314 4038 de
322 3984 398 4038 claris
409 3984 569 4037 oratoribus.
615 3982 681 4036 sima
696 3983 792 4036 mulier
803 3982 865 4038 vites
875 3981 1003 4036 Terentii.

936 4087 970 4156 cl
