2684 4830
333 316 610 386 PRAEFATIO
636 318 877 387 PERLETI.
1062 344 1139 393 xvir
1192 348 1198 355 ·
1237 419 1240 425 Ι

60 448 254 547 fenderem,
268 470 288 514 a
301 471 419 534 manu,
434 461 473 514 ut
490 447 641 541 suspicor
650 447 839 543 quidemr.
856 449 906 517 M.
927 450 1142 547 Heusingeri,

61 555 200 624 maximi
224 551 348 631 scholae
371 567 494 622 nostrae
519 553 688 648 quondam
710 556 922 642 ornamenti,
947 554 1139 653 adscriptas,

61 664 134 731 Nec
157 657 256 729 facile
271 658 344 728 fieri
361 661 487 753 potuit,
503 674 540 729 ut
561 658 748 729 Dacieriam
770 660 900 730 silentio
918 665 1140 756 praeterirem,

64 793 138 862 quae
157 765 279 836 mulier
297 766 384 834 inter
397 764 513 836 Gallos
533 766 724 837 doctissima
746 768 831 837 miro
846 768 968 862 ingenii
986 771 1139 845 acumine

64 898 192 943 morem
211 872 416 966 antiquitatis
427 872 603 967 indagaret
612 887 712 967 atque
724 875 941 969 contingeret.
953 876 1065 944 Etiam
1073 877 1139 948 hoe

64 979 139 1066 feci,
156 994 195 1048 ut
213 977 346 1048 notulas
361 977 702 1074 Guelferbytanorum
717 980 860 1049 maxime
871 1006 944 1074 quae
953 979 1139 1074 placerent,

63 1087 261 1181 ingererem.
289 1085 355 1154 Sed
379 1099 507 1155 ceteros
529 1084 648 1155 omitto
674 1100 972 1172 commentatores,
995 1113 1078 1182 quos
1104 1090 1138 1158 in

64 1192 249 1262 subsidium
264 1204 402 1261 vocatos
420 1187 572 1262 libellus
563 1216 634 1287 ipse
648 1216 742 1262 meus
761 1217 830 1264 non
844 1218 912 1262 uno
930 1192 1004 1262 loco
1023 1210 1138 1265 osten-

63 1299 126 1368 det
142 1298 197 1367 Ne
209 1296 333 1385 multa
346 1296 462 1366 silvam
472 1313 791 1367 commentationum
803 1299 1139 1404 observationumque

64 1405 211 1500 undique
225 1408 454 1499 comparatam
469 1406 635 1499 congessi,
649 1404 732 1473 adeo
740 1420 779 1474 ut
791 1393 972 1475 lectoribus
984 1423 1137 1502 ‚meopte

60 1512 184 1606 judicio
204 1509 371 1581 interdum
391 1518 571 1605 suspenso,
587 1509 800 1601 liberaesset,
816 1512 894 1607 quid
909 1513 1027 1639 cuique
1048 1515 1138 1609 opti-

62 1644 155 1687 mum
178 1618 362 1705 videretur,
383 1615 524 1712 eligendi
543 1631 700 1713 potestas.

113 1939 424 2030 Postremumpeto
441 1936 484 2004 ab
506 1934 650 2022 lectore,
668 1950 721 2025 ut,
742 1937 768 2006 si
794 1935 967 2006 utilitatem
993 1936 1137 2033 aliquam

62 2067 102 2112 ex
122 2041 235 2138 opella
262 2065 339 2111 mea
359 2044 499 2137 ceperit,
523 2043 634 2112 faveat
654 2039 700 2110 illi
723 2039 884 2132 libenter;
908 2045 960 2112 sin
977 2045 1137 2116 vero-of·

18 2143 21 2147 ⁴
61 2148 205 2220 fenderit
217 2150 367 2244 uspiam,
381 2148 416 2217 id
430 2149 516 2219 inter
529 2150 678 2219 humana
686 2163 855 2238 numeret,
867 2163 901 2218 et
911 2175 1007 2245 aequo
1023 2151 1135 2222 animo

61 2254 155 2325 ferat.
268 2281 271 2289 ·

112 2468 310 2540 Scribebam
329 2468 473 2557 Isenaci,
496 2466 632 2538 Calend.
652 2465 756 2562 April.
782 2491 814 2535 a.
842 2491 870 2536 c.
892 2467 1139 2541 MDCCCXX.
1178 2435 1182 2443 Ι

621 2768 656 2832 F.
672 2768 711 2833 C.
731 2767 776 2834 G.
795 2765 957 2852 Pennur,

486 2898 667 2990 Gyaznasu'
680 2900 896 2969 [reaccensae
912 2897 1108 2990 Prcstssor,
