2684 4830
464 379 717 452 TERENTII
744 381 879 449 VITA.
1156 408 1219 455 ιιι

178 509 257 564 Dum
269 504 310 563 ad
322 504 443 563 Furium
456 522 488 562 se
500 503 638 562 coenitm
656 503 669 548 ⁴
682 513 713 560 et
725 501 863 574 Laelium,
876 501 1033 580 pulchrum
1044 517 1147 583 putat:

178 607 256 663 Dum
269 623 303 662 se
316 601 408 661 amari
421 598 459 660 ab
472 574 552 660 hisrid
565 599 675 671 credit,
691 597 797 657 crebro
811 598 843 656 iu
856 597 1002 658 Albanum
1016 601 1082 680 rapi

179 697 226 759 ob
241 699 346 756 liorem
360 696 451 756 aetatis
464 716 541 755 suae:
559 696 639 775 ipsus
653 693 774 754 sublatis
788 693 876 754 rebus
890 694 926 754 ad
943 699 1099 756 summam⁵

178 795 311 874 Inopiam
326 792 461 852 redactus
473 805 524 850 est.
631 823 636 835 ·

177 891 281 968 Itaque
295 909 312 946 e
328 900 486 966 conspectu
499 885 630 945 omniurn
644 882 717 943 abiit
732 884 761 942 iu
776 885 918 943 Graeciam
933 885 960 958 ⁶,
975 885 1005 944 in
1022 899 1127 948 terram
1140 889 1212 950 ulti-

238 1005 326 1045 mam.

174 1088 313 1145 Mortuus
327 1093 371 1141 est
383 1082 415 1140 in
429 1071 616 1158 Stymphalo,
631 1078 763 1139 Arcadiae
778 1076 889 1158 oppido
901 1099 907 1136 ε
920 1076 994 1139 nihil
1008 1081 1128 1142 Publius

175 1180 276 1260 Scipio
290 1179 403 1258 profuit
411 1177 508 1255 ,ssnihil
521 1176 550 1234 ei
562 1189 573 1228 ⁷
587 1175 707 1247 Laelius,
722 1174 795 1234 nihil
809 1174 929 1248 Furius3

174 1283 248 1338 Tres
261 1294 316 1358 per
328 1276 407 1336 idam
421 1287 536 1354 tempos
548 1273 600 1352 qni
615 1271 765 1352 agitabant
776 1271 889 1332 nobiles
901 1273 1045 1334 facillimo.

175 1381 288 1436 Eorum
302 1377 351 1435 ille
364 1395 455 1454 opera
470 1394 507 1432 ne
522 1373 641 1431 domum
655 1371 774 1450 quidem
789 1369 893 1431 habuit
909 1372 1131 1435 conductitiam:

176 1477 286 1535 Saltem
300 1484 331 1533 ut
344 1486 435 1543 esset,
449 1488 508 1551 quo
523 1469 647 1530 referret
663 1466 777 1529 obitum
793 1469 905 1528 domini
917 1470 1059 1530 servulus.

134 1619 273 1713 Scripsit
291 1616 482 1688 Comoedias
499 1637 558 1684 sex
569 1638 577 1682 ε
588 1613 758 1708 exquibus
766 1614 915 1743 frimam
927 1614 1087 1686 Andriam
1105 1643 1208 1715 quum

133 1719 285 1794 aedilibus
302 1723 415 1808 daret,
431 1722 542 1816 jussus
559 1735 637 1790 anto
651 1722 759 1789 Caerio
793 1721 943 1789 recitare.
956 1721 1009 1790 Ad
1020 1741 1208 1797 coenantcm

133 1857 238 1926 quum
257 1832 418 1917 venisset,
440 1828 548 1897 dictus
565 1841 626 1914 est,
647 1828 777 1895 initium
795 1825 929 1920 quidem
949 1825 1101 1920 Fabulae,
1119 1835 1211 1928 quod

131 1939 456 2031 eratcontemptiore
470 1935 603 2021 vestitu,
617 1932 772 2002 subsellio
784 1933 875 2025 justa
891 1933 1047 2004 lectulum
1062 1940 1209 2011 residens

131 2042 274 2139 legisse:
295 2056 372 2138 post
393 2063 518 2137 paucos
540 2064 620 2109 vero
641 2061 757 2109 versus
776 2041 952 2125 invitatus,
973 2054 1012 2110 ut
1031 2047 1207 2117 accumbe-

131 2166 200 2236 ret,
225 2174 373 2220 coenasse
395 2172 479 2236 una3
499 2147 618 2215 deinde
648 2162 767 2216 caetera
793 2148 1016 2241 percurrisse,
1043 2174 1112 2222 non
1136 2154 1207 2224 sine

131 2281 257 2354 magna
282 2256 381 2326 caerii
409 2254 637 2324 admiratione.
666 2250 710 2322 Et
734 2252 822 2323 hanc
845 2267 977 2343 autem,
1004 2269 1039 2324 et
1060 2259 1206 2356 quinque

130 2362 275 2459 reliquas
296 2360 464 2457 aequaliter
482 2355 607 2456 populo
629 2359 802 2455 probavit;
829 2361 981 2455 quamvis
1004 2359 1206 2437 Volcatius⁹

129 2469 173 2540 de
194 2467 446 2540 enumeratione
461 2466 611 2537 omnium
633 2467 679 2536 ita
701 2464 851 2537 scribat:
873 2469 1058 2538 “Sumetur
1075 2469 1206 2568 Hecyra

128 2592 225 2648 sexta
243 2602 284 2646 ex
296 2574 352 2646 his
368 2569 537 2644 Fabula’»

130 2758 291 2832 man,qaod
310 2757 508 2831 proterendum
529 2771 585 2811 essa
605 2757 646 2808 vi·
689 2753 774 2806 erebro
794 2757 873 2808 arato
889 2755 921 2808 ab
933 2758 1023 2828 florem
1038 2775 1114 2814 ruo:
1135 2760 1206 2834 Ipsos

128 2839 441 2895 detonsione-Vocem
456 2839 569 2892 divinam·
590 2834 646 2890 alii
689 2836 753 2888 loeaeis
771 2835 839 2888 robur
856 2853 973 2890 summm
992 2839 1028 2892 ad
1040 2843 1147 2912 inopiam
1164 2863 1203 2898 m·
1266 2859 1269 2865 ·

128 2942 191 2974 voce
209 2921 291 2974 dana
298 2940 311 2982 ,·
324 2920 369 2973 alii
384 2922 440 2971 voci
456 2919 563 2979 divium·
578 2934 645 2988 quo·
687 2914 774 2968 dacto
784 2927 829 2968 eet.

128 3019 192 3056 rum
210 2998 279 3053 illud
301 2992 410 3071 quidem
428 2998 571 3061 vitiosum,
592 2997 645 3049 hoc
730 2996 758 3049 6.
775 2987 807 3048 In
830 2990 865 3049 G.
880 2994 971 3069 Vulgo
988 2999 1014 3050 in
1033 2996 1070 3054 G.
1091 3002 1118 3052 in
1136 3013 1154 3056 r.
1177 3023 1202 3057 u.

128 3094 219 3134 autern
234 3077 394 3151 antiquioris
406 3078 500 3132 formet
515 3076 647 3147 interpre·
688 3076 764 3146 qnasi
785 3075 884 3128 ntimtn
907 3089 1037 3148 quantum
1054 3077 1155 3135 aberet
1169 3076 1204 3138 ab

129 3172 282 3217 tomentum
297 3172 345 3212 est.
358 3159 432 3211 Both.
686 3155 763 3208 Italis
780 3154 893 3209 Graecia.
905 3157 982 3211 Both.
998 3157 1053 3223 Qui
1064 3159 1165 3216 omittit
1176 3165 1203 3216 in

172 3248 198 3306 4.
216 3240 345 3294 Corsican.
364 3239 454 3310 Vulgo
467 3237 597 3308 ἀμέτρως;
613 3247 644 3289 ut
679 3246 747 3288 ante
764 3234 937 3288 «Groeciamm

128 3319 315 3374 indieatetiam
324 3318 442 3371 Bothius.
448 3316 503 3383 Qui
519 3309 565 3369 dat
576 3315 644 3367 Dum
728 3331 755 3383 7.
767 3315 813 3369 Ei.
821 3314 911 3387 Vulgo
924 3312 1046 3388 ἀμῑτρωξ.
1059 3314 1135 3374 Both.
1147 3317 1202 3388 Qui

128 3423 155 3453 se
169 3402 205 3452 ad
216 3399 318 3452 Furiam
331 3399 433 3450 caenon.
569 3400 571 3405 ’
683 3389 732 3446 dat
744 3397 786 3448 tii.
819 3461 824 3471 Ι
983 3428 985 3433 2
1031 3401 1035 3410 '

171 3481 201 3535 5-
212 3480 291 3550 obst.
302 3493 353 3532 ete.
364 3478 443 3529 Hunc
451 3488 479 3530 et
490 3487 643 3547 sequentem
726 3474 754 3527 8.
765 3474 855 3528 Corio·
863 3475 954 3530 West.
966 3487 1039 3529 recte
1051 3475 1137 3533 edidit
1148 3479 1202 3534 Ca-

129 3579 236 3614 versum
243 3555 546 3619 WestdseoFabr0‚in
555 3566 642 3608 naam
681 3554 760 3617 orco,
772 3567 803 3606 ot
817 3554 897 3625 punio
910 3567 975 3625 post
986 3555 1091 3611 carot.
1102 3549 1188 3615 Zeon.

127 3652 295 3694 conoactnm
307 3637 364 3691 edit
375 3636 478 3690 siczob
482 3637 571 3706 florem
583 3645 643 3686 oeta-
727 3651 755 3701 9.
789 3626 925 3686 Volcatius.
946 3633 1024 3688 Volc.
1047 3636 1201 3710 Sedigitas,

130 3722 237 3774 osae:
250 3719 406 3771 dammum
417 3720 522 3785 inopiam
532 3715 642 3767 redactus
684 3711 789 3784 dequo
802 3713 874 3767 Gall.
886 3714 921 3767 N.
931 3715 964 3767 Α.
977 3726 1028 3780 xv,
1043 3722 1089 3780 sd.
1102 3719 1203 3775 Versus

126 3812 171 3853 est.
184 3798 467 3869 Zeun.Yulg.-Dum
480 3816 505 3848 se
518 3798 595 3848 amari
609 3794 643 3846 ab
686 3792 759 3846 haud
772 3792 855 3846 dubie
868 3793 988 3865 prolatus
1001 3813 1032 3847 ax
1045 3795 1117 3851 illius
1128 3797 1200 3853 libro
1313 3845 1320 3864 s

129 3881 191 3932 tace
210 3879 288 3930 credit
300 3897 308 3931 :
320 3875 394 3948 quod
418 3876 494 3928 futile
515 3871 641 3947 glossema
686 3869 722 3926 de
744 3873 847 3944 poetis,
868 3869 988 3926 iambicis
1005 3877 1114 3930 senariis
1135 3895 1202 3932 con·

129 3955 516 4031 sequentium.Botlr.Quihos
529 3968 581 4009 tres
590 3972 642 4008 vsa.
685 3952 783 4024 cripto.
812 3953 904 4019 Quare
926 3953 1063 4024 vulgatum
1089 3958 1127 4008 lo’r
1150 3976 1201 4030 pro

128 4039 167 4093 sic
176 4037 292 4110 redigit:
305 4039 371 4091 Dum
380 4056 406 4088 se
416 4039 472 4106 rupi
481 4039 507 4088 ia
518 4034 643 4090 Arboua
686 4033 750 4086 lukas
760 4031 918 4088 mendosum
929 4032 1057 4089 arbitror·
1067 4035 1142 4091 Batia

1001 4139 1041 4209 b.
