2684 4830
206 379 264 424 xvr
378 374 384 391 “
612 353 877 423 PRAEFATIO

206 487 284 558 satis
291 485 476 573 constabit,
488 484 567 579 quid
579 509 712 573 verum,
727 486 807 579 quid
818 487 944 574 minus3
954 502 1066 557 utrum
1080 492 1203 562 rectius
1217 480 1277 581 sit,

150 600 153 606 '
206 595 295 688 quod
317 593 466 686 antique,
481 615 525 658 an
544 589 644 673 illud,
665 591 755 685 quod
774 594 941 661 recentius
960 594 1132 664 scribatur.

259 704 433 770 Donatum
460 696 576 785 citavi,
614 712 730 792 utpote
760 722 780 766 a
812 699 1047 793 Westerhovio
1080 701 1278 798 plerumque

205 807 419 878 emendatum
439 817 537 896 atque
555 818 752 873 correctum.
776 805 917 874 Constat
932 807 1018 875 enim
1041 806 1133 877 illum
1150 809 1191 877 ad
1205 836 1278 880 nos·

205 928 380 1006 transque
402 924 553 1003 tempora
573 934 642 978 non
670 910 838 1004 integrum
861 913 1060 1006 pervenisse.
1082 915 1169 983 Huic
1195 941 1277 986 vero

205 1046 274 1090 non
293 1042 379 1112 nego
401 1039 454 1084 me
475 1013 617 1109 plurima
635 1015 775 1099 debere,
796 1041 869 1111 quae
889 1019 1078 1112 pertineant
1103 1020 1146 1089 ad
1169 1045 1278 1092 emen·

205 1124 352 1194 dandum
373 1120 425 1190 vel
440 1120 671 1215 explicandum
690 1120 988 1218 illustrandumque
1008 1127 1154 1194 Poetam.
1173 1128 1279 1197 Dedit

205 1245 317 1300 autem
336 1227 540 1323 singularum
563 1252 737 1297 scenarum
760 1243 976 1324 argumenta,
1005 1255 1079 1324 quae
1100 1230 1191 1303 illinc
1217 1233 1280 1303 fre·

206 1352 347 1432 quanter
375 1347 545 1403 mutuatus
565 1359 638 1403 sum
667 1335 937 1405 incommodum
963 1361 1075 1406 meum
1106 1338 1276 1408 translata.

206 1444 311 1514 Dives
330 1455 380 1510 est
397 1441 497 1512 etiam
521 1453 555 1508 et
577 1441 869 1536 grammaticarum
892 1456 926 1511 et
946 1443 1188 1515 rhetoricarum
1212 1447 1278 1514 ani-

181 1571 184 1578 ·
207 1548 484 1618 madversionum.
498 1549 622 1615 Praeter
635 1571 711 1615 eum
725 1545 830 1616 multa
844 1547 927 1617 mihi
944 1546 1121 1643 explicanti
1134 1552 1277 1645 praebuit

207 1680 339 1750 quoque
359 1677 398 1722 ac
419 1652 681 1722 subministravit
706 1654 930 1722 Westerhovii
960 1654 1089 1742 Editio,
1111 1681 1185 1751 quae
1211 1657 1278 1726 the

207 1786 342 1832 saurum
361 1760 509 1830 continet
526 1758 668 1853 ingentis
684 1757 854 1828 doctrinae.
870 1763 949 1829 Post
964 1762 1136 1830 Donatum
1155 1788 1277 1832 memo
1298 1788 1300 1793 ’

208 1867 331 1937 raudus
353 1880 403 1934 est
416 1863 642 1958 Eugraphius,
659 1866 715 1958 qui
734 1866 911 1934 sententias
931 1868 1077 1936 Terentii
1089 1866 1276 1957 dialectice,

209 1998 303 2043 more
319 1997 385 2042 suae
406 1971 529 2056 aetatis,
543 1969 740 2081 ad'nbrat‚
755 1984 813 2039 aut
827 1973 1067 2040 circumscribit
1079 1974 1197 2042 iisdem
1209 1975 1278 2046 fere

210 2075 337 2167 verbis,
353 2078 472 2172 quibus
495 2077 565 2170 ipse
587 2100 665 2146 usus
687 2074 795 2145 fuerat
814 2079 927 2146 Poeta.
947 2080 1102 2172 Sequitur
1118 2078 1279 2175 Calphur·

210 2187 303 2273 nius,
321 2186 377 2279 qui
394 2183 633 2252 commentario
661 2206 722 2251 suo
745 2182 779 2250 in
801 2185 1027 2253 Heautontim.
1047 2209 1184 2280 operam
1207 2213 1279 2257 nos·

209 2307 294 2362 tram
314 2292 538 2384 maximopere
559 2287 721 2358 allevavit.
739 2290 792 2356 De
814 2289 886 2383 ipso
901 2289 1040 2359 fecimus
1058 2292 1180 2386 passim
1204 2293 1278 2388 plu-

208 2400 300 2469 ribus
308 2397 388 2467 locis
396 2395 607 2464 mentionem.
620 2396 774 2462 Muretus
786 2393 888 2464 edidit
896 2411 1091 2490 argumenta
1098 2412 1131 2467 et
1141 2413 1278 2468 actuum

209 2521 243 2576 et
261 2527 450 2588 scenarum,
468 2526 535 2594 quo
557 2525 655 2569 nemo
674 2514 732 2569 aut
747 2498 881 2571 latinius
891 2517 950 2571 aut
970 2505 1164 2597 expressius.
1179 2509 1279 2574 Bent-

209 2611 294 2681 leius
313 2608 428 2678 nullibi
450 2620 692 2678 commentatus
705 2620 756 2676 est
772 2607 972 2702 quidquam,
987 2610 1049 2677 nisi
1066 2610 1101 2677 in
1113 2610 1164 2679 his
1178 2610 1278 2701 locis,

210 2716 268 2785 ubi
290 2717 387 2786 metri
403 2715 452 2783 sui
475 2739 575 2782 causa
593 2713 627 2781 id
648 2738 732 2808 opus
759 2737 830 2782 esse
848 2714 1021 2808 judicaret.
1048 2717 1176 2786 Contra
1198 2719 1279 2787 Lin-

160 2894 165 2909 .
211 2821 412 2916 denbrogius
438 2820 473 2886 in
500 2844 540 2887 eo
561 2818 769 2904 intendebat,
789 2834 827 2889 ut
850 2835 987 2915 propter
1008 2821 1112 2890 solam
1139 2821 1281 2917 explica·

212 2931 336 2998 tionem
365 2926 453 2995 dicta
473 2939 602 3019 peteret
624 2949 664 2992 ex
689 2926 727 2993 iis
748 2927 826 3020 ipsis
849 2927 1058 3014 auctoribus,
1081 2928 1138 3022 qui
1168 2931 1279 3000 minus

212 3049 322 3123 essent
339 3032 503 3128 vulgares.
516 3030 647 3101 Idcirco
663 3029 705 3097 ad
721 3031 928 3119 Charisium,
940 3033 1159 3116 Priscianum,
1180 3038 1281 3106 Asco-

212 3143 305 3210 nium
337 3140 537 3222 Pediauum,
561 3140 712 3221 Festum,
740 3138 940 3224 Zenobium,
970 3140 1172 3235 Diogenem,
1198 3157 1280 3231 etc,

213 3262 371 3341 tanquam
382 3246 489 3314 fontes
505 3243 693 3313 latentiores
711 3245 979 3337 usquehaustum
996 3248 1191 3340 penetravit.
1205 3251 1282 3317 Far·

213 3354 331 3422 nabius
344 3351 475 3421 notulas
490 3373 581 3418 raras
596 3349 738 3442 margini
750 3349 914 3421 Editionis
930 3376 1001 3421 suae-
1014 3351 1176 3446 adspersit
1192 3379 1282 3448 egre*

214 3462 293 3554 gias.
326 3461 436 3527 Etiam
463 3456 654 3524 Ruhnkenii
682 3456 946 3540 observationes,
967 3483 1040 3551 quae
1068 3484 1144 3527 cum
1164 3460 1283 3531 codice

214 3570 330 3635 Bruns.
348 3564 435 3633 edito
451 3560 746 3649 circumferuntur,
767 3561 875 3631 lucem
891 3562 1036 3632 afferunt
1043 3568 1197 3635 Terentio
1211 3593 1283 3635 non

215 3673 377 3765 exiguam.
403 3668 499 3738 Addo
524 3671 683 3757 Pareum,
705 3670 762 3763 qui
791 3670 888 3739 ineo
918 3673 1120 3774 praecipuam
1147 3671 1283 3744 laudem

214 3779 326 3873 posuit
347 3800 386 3846 ac
403 3777 540 3862 meruit,
559 3789 596 3843 ut
615 3772 745 3869 ellipses
758 3777 974 3845 Terentianas
990 3780 1077 3846 notis
1096 3778 1284 3874 marginali·

213 3885 276 3954 bus
291 3885 358 3952 suis
375 3880 531 3976 expleret.
553 3881 656 3974 Cujus
669 3907 750 3950 vero
760 3882 938 3970 Editionis,
948 3908 989 3951 ne
1003 3884 1037 3953 id
1050 3910 1181 3978 quoque
1195 3911 1282 3980 prae·
1324 3910 1328 3923 ·

213 3993 411 4073 termittam,
430 3985 581 4081 exemplo
604 3989 785 4082 praesertim
810 3989 1013 4082 gaudebam,
1035 3991 1092 4059 ubi
1110 4005 1205 4061 notas
1227 3993 1281 4061 of-
