2684 4830
376 317 521 403 Novl„
541 317 809 386 EDITORIS.
1023 343 1130 391 χχχιιι

107 448 200 516 Dum
214 448 322 532 utitur
335 472 418 519 voce
425 448 653 544 putabantur,
669 473 780 517 nonne
797 445 921 517 indicat
939 448 1130 543 opinionem

65 552 144 621 illam
161 553 350 623 obsoletam
364 555 455 625 esse?
467 580 541 649 quae
559 557 586 624 si
601 555 711 624 adhuc
729 556 922 642 exstitisset,
943 554 1031 625 idem
1050 561 1132 626 scri·

62 663 173 753 psisset
185 676 380 755 putnntru·;
397 660 450 731 vel
477 663 588 756 potius
615 662 752 730 omnino
775 662 950 744 tacuisset,
978 663 1130 755 quando·¹

60 764 190 858 quidem
209 767 291 836 dicit
307 767 373 837 hoc
395 770 430 836 in
447 766 579 836 laudem
591 768 756 855 Terentii,
774 767 832 861 qui
860 767 979 861 insigni
996 766 1129 838 dicendi

61 895 178 965 genere
196 870 308 942 locum
330 874 408 944 huic
429 875 534 943 errori
547 874 685 943 fecisset.

107 979 274 1048 Praeterea
292 1004 373 1049 num
392 977 602 1069 Plutarchus,
618 993 677 1049 aut
699 978 841 1072 scriptor
860 979 917 1073 qui
938 981 1042 1048 vitam
1066 982 1130 1050 Sci·

55 1082 163 1176 pionis
189 1085 285 1154 nobis
305 1085 459 1174 tradidit,
478 1084 601 1155 oblitus
621 1099 708 1154 esset
731 1085 839 1154 facere
862 1087 1066 1155 mentionem
1089 1087 1132 1156 de

54 1190 117 1256 viri
132 1188 273 1276 fabulis,
287 1192 314 1259 si
333 1193 445 1285 opinio
461 1192 502 1261 de
515 1216 582 1285 qua
592 1192 720 1286 agimus
736 1192 771 1259 in
785 1189 896 1284 aliquo
909 1191 1038 1261 honore
1058 1192 1134 1263 fuis·

55 1292 127 1363 set?
146 1296 263 1384 Quum
281 1295 393 1367 laudat
408 1299 570 1393 Scipionis
586 1298 778 1391 pueritiam,
794 1294 941 1391 lepidum
953 1298 1023 1391 ejus
1041 1299 1133 1394 inge-

56 1403 151 1468 nium
169 1415 205 1470 et
214 1402 377 1495 judicium
391 1402 717 1498 acutumpraedicat,
732 1400 823 1471 nulla
840 1401 1024 1472 litterarum
1044 1430 1132 1491 merr-

55 1507 149 1575 tione
163 1506 262 1579 facta.
287 1507 382 1577 Idem
404 1511 558 1604 scriptor,
582 1509 662 1577 dum
682 1508 812 1577 confert
841 1509 1029 1602 Scipionem
1052 1536 1132 1583 eum

55 1612 237 1703 Annibale,
255 1612 297 1684 de
313 1615 378 1684 hoe
393 1615 493 1685 dicit:
515 1631 533 1667 «
548 1612 717 1708 Quelques
739 1640 802 1684 uns
824 1616 992 1684 escrivent
1008 1612 1132 1710 qu’hm

58 1717 179 1787 «nibal
201 1722 299 1789 estoit
319 1734 392 1790 tant
407 1717 503 1791 versd
520 1746 555 1790 es
573 1720 685 1790 lettres
707 1745 883 1815 greeques,
897 1719 975 1815 qu'il
994 1724 1129 1791 escrivit

61 1853 78 1888 a
89 1849 156 1892 une
178 1824 315 1895 histoire
335 1851 378 1896 en
394 1826 515 1922 langue
538 1825 727 1922 grecquc;¹»
743 1827 861 1896 Cicero
877 1828 913 1894 in
928 1826 1014 1896 libro
1031 1854 1135 1923 quem

56 1931 192 2025 scripsit
203 1931 245 2001 de
251 1932 688 2020 Amicitia,inducitLaelium
700 1933 856 2002 citantem
870 1957 1133 2028 versumquem-

56 2035 137 2104 dam
158 2039 304 2109 Terentii
326 2038 494 2108 familiaris
518 2040 614 2108 etita
633 2038 824 2133 loquentem
843 2064 851 2106 :
879 2068 897 2104 a
918 2041 1030 2109 nescio
1055 2067 1134 2134 quo·

54 2142 160 2212 modo
176 2167 294 2214 verum
310 2160 377 2235 est,
397 2145 488 2240 quod
510 2147 545 2214 in
562 2144 687 2214 Andria
706 2143 877 2214 familiaris
893 2170 987 2215 meus
1013 2149 1134 2216 Teren*

57 2249 126 2318 tius
142 2248 248 2322 dixitr

145 2453 148 2458 ι
279 2350 487 2453 Obsequium
501 2359 626 2429 amicos
636 2359 777 2444 ,ueritas
794 2357 906 2428 odium
918 2360 1015 2454 parit.
1031 2388 1049 2424 n
1070 2424 1073 2431 .

110 2463 292 2536 Monidem
306 2464 427 2536 Laelius
444 2467 589 2535 Terentii
605 2465 801 2535 auctoritate
819 2465 952 2552 nititur,
971 2488 1074 2559 quum
1086 2463 1134 2532 dis

57 2568 122 2636 cit:
137 2584 155 2620 ί(
169 2570 203 2637 ιιι
222 2572 381 2666 obsequio
401 2586 532 2658 autem,
554 2573 711 2666 quoniam
732 2572 932 2639 Terentiano
958 2570 1062 2639 verbo
1082 2569 1133 2639 lu⁴

57 2673 178 2743 beuter
201 2679 337 2766 utimur,
359 2681 496 2748 comitas
512 2677 607 2746 adsit·
625 2705 643 2742 n
702 2677 707 2688 '
1128 2683 1130 2687 ’

112 2783 202 2851 Num
217 2784 334 2854 Cicero
346 2771 485 2854 Laelium
500 2786 547 2852 ita
560 2782 749 2876 loquentem
771 2780 965 2868 induxisset,
982 2783 1011 2851 si
1030 2785 1133 2852 Poeta

57 2884 175 2957 fuisset
189 2914 276 2959 unus
295 2911 337 2959 ex
351 2891 390 2960 iis
408 2891 465 2984 qui
485 2891 658 2984 supposito
679 2888 812 2957 nomine
830 2886 936 2956 aliena
954 2913 1056 2984 opera
1077 2889 1132 2958 fn·

57 2993 202 3067 rantur?
217 2998 380 3065 Praeterea
400 3021 481 3065 num
502 2996 703 3064 exhibuisset
722 2992 861 3064 Laelium
876 2995 980 3063 verba
998 3018 1058 3064 sua
1082 2997 1132 3089 ip·-

58 3106 127 3173 sius
147 3103 321 3187 citantem,
340 3117 457 3172 contra
474 3101 681 3172 verecundiae
697 3115 730 3169 et
753 3098 922 3168 modestiae
939 3098 1050 3194 leges?
1066 3100 1133 3169 Sed

58 3235 127 3304 quo
146 3209 269 3278 rectius
284 3208 434 3302 judicare
451 3210 615 3302 possimus
640 3207 682 3275 de
704 3205 960 3300 exprobratione
977 3208 1132 3275 Terentio

57 3316 199 3403 facta,ii
212 3315 357 3408 primum
372 3313 540 3408 quaerendi
554 3327 648 3399 sunt,
663 3337 746 3407 quos
758 3310 912 3380 malevoli
927 3312 1134 3381 contendunt

56 3446 125 3491 una
135 3446 215 3490 cum
222 3422 325 3489 Poeta
334 3419 693 3506 collaboravisse.Tres,
700 3432 854 3513 quatuor,
861 3416 913 3487 vel
923 3419 1023 3487 etiam
1036 3420 1132 3512 quim

59 3552 125 3622 que
135 3524 249 3596 abillis
262 3528 485 3596 nominantur.
500 3527 586 3595 Ante
601 3526 712 3593 omnia
723 3524 1025 3594 animadvertamus
1039 3549 1132 3618 egre·

60 3635 150 3727 giam
171 3631 317 3701 fabulam
341 3657 409 3701 non
431 3633 493 3701 nisi
514 3631 556 3700 ab
578 3657 646 3701 uno
671 3630 855 3725 eodemque
877 3631 1012 3700 homine
1036 3654 1136 3724 posse
1243 3666 1245 3669 .

60 3740 251 3833 proficisci3
269 3753 303 3808 et
322 3737 450 3808 fabulas
471 3763 544 3832 quae
564 3738 682 3808 eodem
702 3736 833 3806 dicendi
860 3761 995 3830 genere,
1019 3735 1136 3804 eadem

106 3995 131 4028 1.
144 3976 316 4052 Plutarchus,
328 3975 382 4030 vita
395 3973 534 4046 Scipionis.

116 4085 147 4152 J.
