2684 4830
202 650 671 819 PRAEFATIO
717 672 1120 818 euntium.

546 1011 787 1037 ...ο-

132 1190 219 1313 Du
241 1235 436 1306 adornanda
452 1237 516 1309 hac
538 1236 693 1308 Editione
719 1236 809 1332 quod
832 1235 1008 1306 consilium
1033 1241 1198 1332 ceperim,

130 1358 187 1411 aut
210 1368 277 1438 qua
294 1344 423 1412 ratione
438 1343 472 1410 id
492 1343 611 1413 fuerim
630 1358 821 1423 exsecutus,
838 1344 908 1436 'jam
927 1345 962 1412 in
982 1343 1094 1422 limine
1110 1346 1198 1439 ejus·

129 1449 205 1518 dem
223 1451 386 1518 rationem
404 1448 543 1518 reddere
560 1475 621 1544 par
639 1465 698 1520 est.
717 1454 792 1519 Jam
807 1474 891 1544 puer
908 1475 989 1544 ege,
1003 1450 1121 1539 fateor,
1135 1454 1198 1521 Te-

130 1556 227 1624 rentii
249 1556 359 1625 studio
385 1581 459 1625 sum
481 1554 564 1626 adeo
590 1557 771 1645 adductus3
796 1571 836 1624 ut
857 1555 998 1626 lectione
1020 1557 1106 1650 ejus,
1130 1583 1200 1652 prae

131 1663 248 1730 ceteris
271 1661 391 1731 fabulis
415 1664 637 1748 comicorum,
667 1665 711 1732 ob
743 1661 940 1756 elegantiam
974 1665 1132 1732 orationis
1161 1688 1201 1734 ac

131 1792 263 1837 morum
283 1768 502 1862 probitatem,
521 1771 612 1839 omni
631 1770 733 1839 modo
751 1767 942 1837 delectarer.
965 1768 1048 1839 Inde
1073 1769 1200 1839 adhoc

131 1898 215 1967 opus
230 1875 469 1944 instituendum
485 1900 693 1969 nequaquam
706 1878 751 1945 ita
760 1876 929 1968 imperite,
947 1890 1006 1943 aut
1018 1874 1116 1945 illotis
1130 1901 1203 1944 ma-

131 1980 228 2049 nibus
243 1980 443 2050 accedebam
453 2034 463 2068 ,
472 1982 652 2074 praesertim
661 1993 851 2076 quumante
866 1980 928 2049 hos
941 1981 1129 2074 quindecim
1143 2005 1202 2050 an·

132 2110 192 2154 nos
207 2086 369 2154 Andriam
384 2087 515 2174 Nostri,
531 2084 764 2181 qualicumque
779 2110 882 2180 opera
899 2110 974 2156 mea
987 2086 1202 2181 explicatam,

134 2192 168 2260 in
188 2191 298 2260 lucem
311 2191 451 2286 protuli.

183 2300 349 2367 Praeterea
366 2299 393 2367 si
415 2297 495 2392 quid
512 2297 600 2367 ultra
620 2323 705 2392 opus
727 2313 832 2387 esset,
852 2298 943 2393 quod
960 2299 1122 2387 dicerem,
1143 2325 1203 2368 cur

132 2427 194 2496 ego
221 2403 311 2473 idem
331 2406 469 2474 Poetam
496 2428 587 2474 nunc
610 2403 738 2492 denuo,
759 2430 860 2500 qnam
883 2407 1026 2474 maxime
1052 2431 1204 2499 possem,

96 2546 98 2551 .
133 2508 310 2578 emendare
325 2535 476 2599 conarer,
493 2537 562 2580 non
580 2510 669 2579 ultro
687 2511 846 2581 humeros
860 2537 952 2581 meos
966 2509 1071 2581 obtuli
1090 2511 1132 2578 ad
1150 2536 1203 2580 su·

132 2614 303 2684 beundum
318 2630 386 2684 tam
404 2640 506 2711 grave
521 2642 605 2687 onus
621 2616 928 2711 difficillimumque.
952 2619 1135 2687 Enimvero
1146 2606 1206 2688 'oc-

133 2723 322 2808 casionem,
340 2749 413 2816 quae
439 2738 532 2792 extra
555 2748 610 2792 mc
635 2723 713 2791 data
731 2738 837 2810 esset,
856 2725 965 2818 operis
991 2724 1206 2819 aggrediendi

132 2842 250 2897 nactus
272 2830 409 2898 minime
429 2831 583 2923 quaesivi,
606 2829 665 2898 sed
687 2827 832 2900 oblatam
858 2845 988 2899 tantum
1007 2832 1132 2924 accepi.
1157 2834 1207 2900 Ac

131 2934 291 3028 proinde,
309 2936 336 3003 si
355 2935 457 3005 refert
477 2936 616 3023 dixisse,
630 2961 698 3005 non
713 2936 848 3022 infitior,
867 2952 1022 3032 rogatum
1042 2961 1096 3005 me
1114 2961 1205 3020 esse,

132 3054 168 3111 et
180 3040 317 3134 quidem
334 3065 354 3110 a
367 3043 447 3111 viris
462 3044 596 3137 peritis,
610 3057 649 3110 ut
663 3044 807 3112 Terentii
820 3043 1009 3113 Editionem
1027 3042 1208 3111 curandam
1268 3034 1277 3047 ⁶

132 3169 206 3214 eam
229 3148 454 3241 susciperem,
469 3173 549 3243 qua,
569 3149 630 3234 ita,
647 3150 673 3217 si
693 3150 888 3242 quiessent,
903 3151 1157 3244 magistrorum,
1170 3163 1209 3216 ut

129 3251 316 3346 juventutis
333 3255 479 3324 studium
502 3280 540 3325 ac
561 3254 760 3323 desiderium
778 3256 883 3349 magis
904 3255 1097 3349 faciliusque
1112 3256 1208 3348 juva·

122 3382 207 3426 rem
232 3359 475 3452 expediremve.
501 3360 541 3429 Id
561 3358 652 3429 volui
680 3360 832 3454 quidem,
852 3361 911 3431 sed
933 3388 1000 3456 quo
1030 3386 1207 3449 successu,

133 3463 218 3532 alius
233 3464 406 3557 judicabit.

187 3572 337 3639 Primum
350 3572 499 3640 omnium
514 3586 641 3641 textum
655 3574 835 3667 recognovi
850 3572 1095 3662 Bentleianum,
1109 3599 1208 3694 quem

133 3700 216 3745 vero
235 3676 278 3745 ad
302 3675 404 3747 libros
427 3693 461 3746 et
480 3681 724 3774 manuscriptos
743 3695 777 3748 et
795 3680 921 3765 editos,
943 3705 1085 3774 quorum
1111 3682 1209 3774 copia

135 3782 219 3851 mihi
235 3782 383 3877 daretur,
398 3784 639 3855 conferendum
655 3801 690 3856 et
709 3786 943 3856 excutiendum
958 3788 1128 3880 putabam
1145 3788 1209 3854 llic

136 3902 247 3957 autem
264 3888 385 3959 licebat
401 3890 532 3979 videre,
545 3894 676 4013 quoties
690 3893 789 3977 mihi,
805 3894 862 3962 ubi
881 3917 1021 3987 magnus
1039 3891 1137 3961 ille
1106 3917 1157 3959 vir
1167 3889 1206 3959 li·

137 3991 259 4064 bertati
274 3997 568 4090 conjecturandi
535 4001 635 4069 nimis
650 3999 839 4088 indulserit,
854 4001 898 4068 ab
912 4025 953 4069 eo
968 3996 1210 4085 recedendum,
