2684 4830
141 399 171 445 tt
318 376 590 449 PRAEFATIO
618 381 755 452 Novi
782 384 1041 458 EDITORIS

138 573 352 666 laborum
397 596 665 668 nostrorum
711 582 886 696 socius,
934 584 1209 709 praeeipuam

42 724 46 731 ’
136 732 274 854 hujus
296 738 445 856 operis
464 735 736 827 conficiendi
754 760 933 860 partem
951 742 1077 858 tulit3
1104 766 1207 834 ante

139 893 295 981 omnia
315 927 402 1016 pro
423 893 590 984 talibus
612 899 787 986 meritis
810 919 961 1023 grates
980 933 1034 989 ex
1053 904 1207 991 animo

136 1052 356 1140 maximas
381 1054 557 1178 agimus
580 1052 776 1143 libenter
797 1076 843 1145 et
862 1055 1098 1149 habemus.
1162 1169 1164 1173 Ι

130 1312 133 1317 ,
206 1222 362 1340 Ipsum
375 1213 532 1305 Nostri
544 1213 754 1303 Auctoris
769 1232 945 1302 textum
959 1212 1053 1305 fere
1066 1217 1206 1307 talem

136 1379 329 1470 omnino
356 1369 584 1484 dedimus,
607 1369 791 1494 qualem
814 1369 953 1461 editio
981 1374 1030 1461 in
1053 1372 1205 1466 lucem

134 1538 312 1664 prolata
333 1533 511 1655 Lipsiae,
526 1562 648 1619 anno
679 1528 814 1643 1821,
840 1562 867 1618 1
889 1529 1009 1620 Frid.
1035 1533 1201 1627 Christ.

133 1695 278 1788 Gottl.
317 1695 507 1780 Puutur.
545 1686 616 1776 Ad
647 1720 786 1815 quem
823 1688 1086 1815 eligendum
1119 1728 1203 1785 nos

131 1854 316 1978 impulit
336 1871 437 1940 tum
461 1848 717 2021 aequissimo
736 1847 841 1968 jure
864 1869 995 1970 parta
1017 1851 1202 1944 editoris

131 2012 279 2124 fama,
303 2029 406 2098 tum
424 2004 550 2130 quod
578 2004 805 2119 omnium,
837 2006 917 2131 qui
946 2027 1081 2098 antea
1105 2009 1203 2131 jam

131 2161 410 2329 eistiterunt
425 2197 593 2320 super
578 2165 793 2252 Terentio
819 2163 1053 2282 laborum,
1077 2169 1201 2261 haud

131 2291 413 2472 1111111111111ι
382 2330 564 2471 summu
547 2279 744 2410 iuberi
763 2342 930 2445 potest,
949 2345 1111 2450 utpote
1134 2364 1201 2420 re·

131 2453 412 2623 (remissiore,²
398 2448 520 2647 ‘ejus
503 2480 685 2571 editio
701 2480 881 2596 Quibus
900 2504 1115 2576 eaeterum
1131 2522 1200 2579 11-

130 2603 349 2738 tioiiiiiits
357 2618 493 2739 sttui
518 2639 798 2727 isenaeensis
826 2639 1056 2762 professor
1083 2680 1199 2768 opus

132 2803 353 2929 exegerit,
368 2799 519 2922 ipsum
533 2829 642 2885 mox
657 2795 837 2886 audies
826 2832 875 2886 m
891 2804 1077 2922 propria
1092 2838 1199 2927 prae

130 2963 301 3053 satione
325 2957 633 3047 disserentem.
648 2954 795 3075 (Vide
814 2955 953 3073 infra,
967 2993 1069 3087 pag.
1081 2997 1128 3052 iu
1136 2966 1165 3085 )

191 3123 272 3212 Sin
289 3137 443 3208 autem
463 3111 576 3203 adeo
589 3110 799 3237 fideliter,
820 3134 865 3203 et
879 3113 1026 3205 dicam
1037 3153 1199 3246 prope·

129 3278 324 3401 modum
347 3276 504 3386 unice,
528 3269 692 3361 Perleti
720 3273 918 3398 vestigiis
946 3276 1196 3373 insistimus

129 3445 180 3530 in
212 3456 338 3528 textu
365 3427 757 3556 recognoscendO,
783 3463 1024 3552 possumus
1058 3441 1198 3559 profi-

128 3599 215 3689 teri
237 3554 321 3684 nos
339 3591 487 3680 multo
502 3585 690 3676 liberius
708 3591 849 3713 egisse
863 3592 911 3679 in
925 3625 980 3684 eo
993 3596 1120 3718 quod
1138 3600 1197 3689 ad

130 3753 555 3880 interpretationem
565 3748 740 3838 attinet.
755 3749 976 3874 Equidem
988 3752 1116 3845 luero
1126 3791 1198 3880 pa·

131 3919 243 4006 riter
271 3912 564 4035 apposuimus
596 3906 760 3998 Perleti
789 3916 1194 4034 commentarium,
