2684 4830
355 389 609 461 AUCTORE
636 392 869 461 DONATO.
1043 415 1134 461 xsru

110 527 192 592 Haec
205 523 384 591 Suetonius
396 523 618 617 Tranquillus.
634 525 723 594 Nam
739 523 824 593 duos
834 526 1007 594 Terentios
1020 540 1136 619 poetas

61 630 158 698 fuisse
176 628 292 698 scribit
305 629 449 718 Metius,
469 655 613 724 quorum
631 628 715 700 alter
729 629 941 725 Fregellanus
960 630 1132 701 fueritTe·

61 737 183 804 rentius
212 734 319 823 Libo,
345 733 429 805 alter
453 733 626 806 libertinus
643 738 818 806 Terentius
839 736 920 806 Afer
943 738 1070 832 patria,
1093 736 1138 806 de

61 866 124 934 quo
141 865 234 910 nunc
245 839 422 934 loquimur.
435 843 600 938 Scipionis
616 842 758 913 Fabulae
772 843 912 914 edidisse
925 845 1134 927 Terentium,

62 946 199 1042 Valgius
211 947 247 1015 in
260 948 418 1017 Actaeone
436 949 483 1018 ait
498 974 507 1018 ι

135 1123 190 1178 Hae
202 1139 269 1198 quae
280 1133 424 1178 vocantur
436 1119 569 1194 Fabulae,
584 1124 657 1200 cujae
669 1124 784 1180 sunt¹²t

133 1223 203 1278 Non
216 1218 286 1290 has,
301 1218 353 1297 qni
362 1218 430 1297 jura
447 1219 580 1298 populis,
593 1219 660 1279 end’
674 1219 740 1280 ibus
752 1218 895 1280 dabat22*

135 1319 258 1375 Honore
271 1334 384 1375 summo
399 1315 520 1376 affectus
534 1317 603 1377 fecit
613 1315 748 1376 Fabulis.

108 1506 198 1573 Duae
218 1504 262 1572 ab
285 1502 491 1599 Apollodoro
510 1507 678 1576 translatae
703 1529 775 1575 esse
799 1505 957 1574 dicuntur
984 1497 1136 1590 comico,

58 1611 218 1679 Phormio
242 1624 275 1679 et
296 1613 456 1705 Hecyra:
477 1626 622 1707 quatuor
645 1610 779 1706 reliquae
808 1637 827 1680 a
854 1610 1068 1680 Menandro:
1097 1636 1137 1680 er

57 1717 176 1809 quibus
196 1741 318 1811 magno
339 1742 494 1788 successu
509 1733 543 1788 et
562 1721 670 1814 pretio
685 1720 776 1789 stetit
795 1718 980 1789 Eunuchus
999 1715 1136 1787 fabula:

57 1825 207 1918 Hecyra,
224 1848 310 1919 sape
328 1823 476 1912 exclusa,
492 1826 548 1894 vix
566 1840 641 1895 aeta
659 1839 717 1895 est.
1151 1858 1155 1864 ·

284 2071 411 2160 run.
436 2071 723 2161 rannurfl
741 2072 910 2185 vrrs,

168 2307 277 2366 QUAM
301 2301 324 2352 Ἐ
352 2305 484 2353 conten
512 2304 567 2352 MS.
597 2305 788 2354 OXONIENSl
819 2305 1022 2353 DESCRIPSIT

395 2487 490 2556 ABR.
521 2488 807 2558 GRONOVIUS.

58 2705 266 2770 Comicus
283 2721 404 2794 genere
426 2697 561 2792 quidem
581 2699 689 2767 extitit
707 2697 799 2783 Afer,
812 2697 893 2766 civis
904 2720 986 2766 vero
999 2699 1137 2770 Cartha·

57 2807 237 2901 giniensis:
258 2805 414 2899 Scipione
428 2823 547 2908 ¹autem
564 2817 734 2873 remeante
756 2801 905 2872 victore¹
930 2805 1136 2900 Carthagine

57 2914 101 2982 ad
126 2912 244 2981 urbem
273 2913 415 2979 Romam
434 2925 511 3005 post
533 2909 796 2980 interfectionem
819 2908 1034 2998 Hannibalis,
1057 2913 1139 3000 iste,

56 3021 114 3114 qui
151 3044 229 3088 cum
260 3017 329 3086 aliis
361 3015 474 3087 multis
510 3016 841 3113 Carthaginiensibus
874 3017 1136 3114 comprehensus

57 3127 184 3212 fuerat,
196 3138 274 3193 ante
289 3149 424 3192 currum
434 3125 597 3218 Scipionis
607 3123 715 3218 ligatis
728 3137 818 3192 retro
827 3121 980 3192 manibus
992 3124 1137 3195 minatus

57 3247 126 3315 est,
152 3246 191 3300 ut
218 3230 391 3326 captivus,
414 3229 471 3300 sed
497 3255 633 3299 currum
660 3228 746 3299 illius
771 3227 911 3324 pileatus
939 3246 1137 3324 prosecutus

58 3355 109 3409 est
128 3342 164 3408 in
184 3337 325 3427 urbem,
347 3335 524 3432 quoderat
539 3333 595 3405 in'
609 3337 739 3431 signum
753 3333 922 3406 libertatis.
941 3338 1048 3425 Nam,
1062 3339 1135 3432 qui·

100 3585 146 3618 21.
160 3564 231 3636 Cujoe
243 3573 309 3616 suut.
322 3561 366 3616 Sic
379 3561 441 3616 libr.
452 3563 520 3615 Dan.
533 3561 577 3615 At.
666 3581 710 3616 aa.
723 3562 843 3632 Populir,
858 3561 918 3613 cud'
931 3561 984 3615 ibus
1002 3561 1087 3617 dabat.
1099 3565 1141 3618 lta
1263 3608 1266 3615 .

57 3648 126 3716 cujus
139 3638 222 3696 riurei²
233 3642 316 3697 Idem
333 3641 430 3695 Adhuc
441 3641 579 3712 legebatur
621 3641 685 3695 Iliso.
700 3640 826 3694 Danielis.
841 3642 924 3712 Vulg.
937 3643 1073 3712 petentibus
1093 3645 1141 3696 da·

56 3729 124 3796 cujus
136 3725 181 3778 vel
192 3725 254 3794 cujoe
267 3734 339 3788 suut,
352 3723 482 3776 tentatie
494 3721 578 3774 refra-
622 3721 673 3772 bat.
690 3716 746 3774 Alli
760 3733 849 3773 autem
864 3720 982 3776 editores
994 3724 1142 3794 proferunt

58 3801 574 3875 gante.0bsoletumilludneprotnon‚·
623 3801 803 3853 recensentibus.
820 3799 902 3856 Lind.
992 3852 1002 3864 ,

59 3903 145 3955 quum
160 3882 313 3956 displiceret
323 3881 451 3949 librariis,
468 3881 522 3934 cito
533 3899 579 3934 ex·
667 3903 690 3934 1.
702 3880 729 3934 A
743 3880 831 3934 Carth.
843 3881 888 3933 Br.

60 3976 193 4035 punctum
209 3974 258 4018 est.
271 3963 346 4018 uoti.
361 3962 418 4028 Qui
431 3959 507 4016 dedit
518 3963 579 4031 cujae
667 3980 692 4014 α.
710 3958 845 4014 Additum
858 3961 900 4025 in,
914 3957 991 4032 quod
1003 3959 1032 4015 in
1048 3959 1142 4015 codice

61 4060 90 4096 ne
100 4055 166 4096 suut.
624 4038 743 4094 deletum
755 4051 803 4095 est.
814 4039 905 4093 Brutis.

911 4135 957 4216 bt
