<?xml version="1.0" encoding="UTF-8"?>
<!DOCTYPE html PUBLIC "-//W3C//DTD XHTML 1.0 Transitional//EN"
    "http://www.w3.org/TR/xhtml1/DTD/xhtml1-transitional.dtd">
<html xmlns="http://www.w3.org/1999/xhtml" xml:lang="en" lang="en">
 <head>
  <title>
</title>
<meta http-equiv="Content-Type" content="text/html;charset=utf-8" />
  <meta name='ocr-system' content='tesseract 3.04.00' />
  <meta name='ocr-capabilities' content='ocr_page ocr_carea ocr_par ocr_line ocrx_word'/>
</head>
<body>
  <div class='ocr_page' id='page_1' title='image "bibliothecaclas51lemagoog_0061.png"; bbox 0 0 2684 4830; ppageno 0'>
   <div class='ocr_carea' id='block_1_1' title="bbox 132 349 1025 428">
    <p class='ocr_par' dir='ltr' id='par_1_1' title="bbox 132 349 1025 428">
     <span class='ocr_line' id='line_1_1' title="bbox 132 349 1025 428; baseline -0.004 -1"><span class='ocrx_word' id='word_1_1' title='bbox 132 378 213 428; x_wconf 76' lang='lat' dir='ltr'><strong>xer!</strong></span> <span class='ocrx_word' id='word_1_2' title='bbox 314 354 377 427; x_wconf 85' lang='lat' dir='ltr'><strong>DE</strong></span> <span class='ocrx_word' id='word_1_3' title='bbox 403 358 663 428; x_wconf 82' lang='lat' dir='ltr'><strong>TRAGOEDIA</strong></span> <span class='ocrx_word' id='word_1_4' title='bbox 691 356 749 426; x_wconf 89' lang='lat' dir='ltr'><strong>ET</strong></span> <span class='ocrx_word' id='word_1_5' title='bbox 776 349 1025 427; x_wconf 79' lang='lat' dir='ltr'><strong>COMOEDIA.</strong></span> 
     </span>
    </p>
   </div>
   <div class='ocr_carea' id='block_1_2' title="bbox 22 488 1207 586">
    <p class='ocr_par' dir='ltr' id='par_1_2' title="bbox 22 488 1207 586">
     <span class='ocr_line' id='line_1_2' title="bbox 22 488 1207 586; baseline 0.002 -28"><span class='ocrx_word' id='word_1_6' title='bbox 22 512 27 525; x_wconf 89' lang='lat'>·</span> <span class='ocrx_word' id='word_1_7' title='bbox 133 505 397 586; x_wconf 80' lang='lat' dir='ltr'><strong>provocarentur</strong></span> <span class='ocrx_word' id='word_1_8' title='bbox 413 491 567 584; x_wconf 85' lang='lat' dir='ltr'><strong>ingenia:</strong></span> <span class='ocrx_word' id='word_1_9' title='bbox 590 489 704 559; x_wconf 87' lang='lat' dir='ltr'><strong>sedet</strong></span> <span class='ocrx_word' id='word_1_10' title='bbox 731 490 901 560; x_wconf 89' lang='lat' dir='ltr'><strong>actoribus</strong></span> <span class='ocrx_word' id='word_1_11' title='bbox 918 512 1058 558; x_wconf 89' lang='lat' dir='ltr'><strong>munera</strong></span> <span class='ocrx_word' id='word_1_12' title='bbox 1081 488 1207 560; x_wconf 78' lang='lat' dir='ltr'><strong>olfere-</strong></span> 
     </span>
    </p>
   </div>
   <div class='ocr_carea' id='block_1_3' title="bbox 109 595 1226 2176">
    <p class='ocr_par' dir='ltr' id='par_1_3' title="bbox 109 595 1226 2176">
     <span class='ocr_line' id='line_1_3' title="bbox 133 595 1207 691; baseline -0.001 -25"><span class='ocrx_word' id='word_1_13' title='bbox 133 599 266 685; x_wconf 80' lang='lat' dir='ltr'><strong>bantur,</strong></span> <span class='ocrx_word' id='word_1_14' title='bbox 286 622 354 691; x_wconf 92' lang='lat' dir='ltr'><strong>quo</strong></span> <span class='ocrx_word' id='word_1_15' title='bbox 371 596 527 666; x_wconf 92' lang='lat' dir='ltr'><strong>libentius</strong></span> <span class='ocrx_word' id='word_1_16' title='bbox 544 596 694 689; x_wconf 84' lang='lat' dir='ltr'><strong>jucundo</strong></span> <span class='ocrx_word' id='word_1_17' title='bbox 713 596 806 667; x_wconf 85' lang='lat' dir='ltr'><strong>vocis</strong></span> <span class='ocrx_word' id='word_1_18' title='bbox 828 597 917 666; x_wconf 87' lang='lat' dir='ltr'><strong>flexu</strong></span> <span class='ocrx_word' id='word_1_19' title='bbox 935 596 977 664; x_wconf 90' lang='lat' dir='ltr'><strong>ad</strong></span> <span class='ocrx_word' id='word_1_20' title='bbox 996 595 1207 665; x_wconf 79' lang='lat' dir='ltr'>dulcedinem</span> 
     </span>
     <span class='ocr_line' id='line_1_4' title="bbox 133 701 1208 797; baseline 0 -25"><span class='ocrx_word' id='word_1_21' title='bbox 133 703 431 773; x_wconf 79' lang='lat' dir='ltr'><strong>commendationis</strong></span> <span class='ocrx_word' id='word_1_22' title='bbox 463 715 646 771; x_wconf 88' lang='lat' dir='ltr'><strong>uterentur.</strong></span> <span class='ocrx_word' id='word_1_23' title='bbox 683 706 795 797; x_wconf 83' lang='lat' dir='ltr'><strong>Caper</strong></span> <span class='ocrx_word' id='word_1_24' title='bbox 826 727 969 796; x_wconf 90' lang='lat' dir='ltr'><strong>namque</strong></span> <span class='ocrx_word' id='word_1_25' title='bbox 1008 727 1071 796; x_wconf 90' lang='lat' dir='ltr'><strong>pro</strong></span> <span class='ocrx_word' id='word_1_26' title='bbox 1108 701 1208 772; x_wconf 91' lang='lat' dir='ltr'><strong>donis</strong></span> 
     </span>
     <span class='ocr_line' id='line_1_5' title="bbox 131 807 1206 902; baseline -0.004 -23"><span class='ocrx_word' id='word_1_27' title='bbox 131 811 183 879; x_wconf 88' lang='lat' dir='ltr'><strong>bis</strong></span> <span class='ocrx_word' id='word_1_28' title='bbox 207 810 360 895; x_wconf 85' lang='lat' dir='ltr'><strong>dabatur,</strong></span> <span class='ocrx_word' id='word_1_29' title='bbox 378 809 455 902; x_wconf 92' lang='lat' dir='ltr'><strong>quia</strong></span> <span class='ocrx_word' id='word_1_30' title='bbox 472 808 595 878; x_wconf 85' lang='lat' dir='ltr'><strong>vitibus</strong></span> <span class='ocrx_word' id='word_1_31' title='bbox 615 810 752 878; x_wconf 82' lang='lat' dir='ltr'><strong>noxium</strong></span> <span class='ocrx_word' id='word_1_32' title='bbox 773 807 895 878; x_wconf 90' lang='lat' dir='ltr'><strong>animal</strong></span> <span class='ocrx_word' id='word_1_33' title='bbox 912 808 1055 876; x_wconf 88' lang='lat' dir='ltr'><strong>habetur</strong></span> <span class='ocrx_word' id='word_1_34' title='bbox 1073 833 1081 876; x_wconf 91' lang='lat'><strong>:</strong></span> <span class='ocrx_word' id='word_1_35' title='bbox 1099 832 1119 876; x_wconf 85' lang='lat' dir='ltr'><strong>a</strong></span> <span class='ocrx_word' id='word_1_36' title='bbox 1136 813 1206 902; x_wconf 76' lang='lat' dir='ltr'><strong>«pro</strong></span> 
     </span>
     <span class='ocr_line' id='line_1_6' title="bbox 132 912 1205 1008; baseline -0.002 -23"><span class='ocrx_word' id='word_1_37' title='bbox 132 917 232 985; x_wconf 85' lang='lat' dir='ltr'><strong>etiam</strong></span> <span class='ocrx_word' id='word_1_38' title='bbox 248 914 431 1008; x_wconf 81' lang='lat' dir='ltr'><strong>Tragoediae</strong></span> <span class='ocrx_word' id='word_1_39' title='bbox 450 938 574 982; x_wconf 89' lang='lat' dir='ltr'><strong>nomen</strong></span> <span class='ocrx_word' id='word_1_40' title='bbox 595 929 751 984; x_wconf 87' lang='lat' dir='ltr'><strong>exortum</strong></span> <span class='ocrx_word' id='word_1_41' title='bbox 773 929 832 984; x_wconf 88' lang='lat' dir='ltr'><strong>est.</strong></span> <span class='ocrx_word' id='word_1_42' title='bbox 850 912 1012 984; x_wconf 81' lang='lat' dir='ltr'>Nonnulli</span> <span class='ocrx_word' id='word_1_43' title='bbox 1030 928 1143 982; x_wconf 88' lang='lat' dir='ltr'><strong>autem</strong></span> <span class='ocrx_word' id='word_1_44' title='bbox 1161 939 1205 984; x_wconf 89' lang='lat' dir='ltr'><strong>ex</strong></span> 
     </span>
     <span class='ocr_line' id='line_1_7' title="bbox 133 1019 1203 1115; baseline -0.002 -24"><span class='ocrx_word' id='word_1_45' title='bbox 133 1045 270 1091; x_wconf 87' lang='lat' dir='ltr'><strong>amurca</strong></span> <span class='ocrx_word' id='word_1_46' title='bbox 287 1019 352 1089; x_wconf 91' lang='lat' dir='ltr'><strong>olei</strong></span> <span class='ocrx_word' id='word_1_47' title='bbox 378 1020 475 1107; x_wconf 73' lang='lat' dir='ltr'><strong>faece,</strong></span> <span class='ocrx_word' id='word_1_48' title='bbox 496 1046 569 1114; x_wconf 86' lang='lat' dir='ltr'><strong>quae</strong></span> <span class='ocrx_word' id='word_1_49' title='bbox 592 1034 642 1090; x_wconf 86' lang='lat' dir='ltr'><strong>est</strong></span> <span class='ocrx_word' id='word_1_50' title='bbox 666 1021 790 1090; x_wconf 92' lang='lat' dir='ltr'><strong>humor</strong></span> <span class='ocrx_word' id='word_1_51' title='bbox 804 1022 976 1115; x_wconf 88' lang='lat' dir='ltr'><strong>aquatilis,</strong></span> <span class='ocrx_word' id='word_1_52' title='bbox 992 1020 1203 1114; x_wconf 72' lang='lat' dir='ltr'><strong>Tragoediam</strong></span> 
     </span>
     <span class='ocr_line' id='line_1_8' title="bbox 109 1125 1205 1222; baseline -0.006 -21"><span class='ocrx_word' id='word_1_53' title='bbox 109 1129 197 1201; x_wconf 77' lang='lat' dir='ltr'><strong>‚dici</strong></span> <span class='ocrx_word' id='word_1_54' title='bbox 218 1129 398 1220; x_wconf 87' lang='lat' dir='ltr'><strong>vocarique</strong></span> <span class='ocrx_word' id='word_1_55' title='bbox 418 1125 617 1196; x_wconf 90' lang='lat' dir='ltr'><strong>maluerunt.</strong></span> <span class='ocrx_word' id='word_1_56' title='bbox 628 1129 696 1216; x_wconf 90' lang='lat' dir='ltr'><strong>Qui</strong></span> <span class='ocrx_word' id='word_1_57' title='bbox 713 1126 782 1196; x_wconf 92' lang='lat' dir='ltr'><strong>ludi</strong></span> <span class='ocrx_word' id='word_1_58' title='bbox 802 1150 905 1222; x_wconf 91' lang='lat' dir='ltr'><strong>quum</strong></span> <span class='ocrx_word' id='word_1_59' title='bbox 924 1151 985 1221; x_wconf 91' lang='lat' dir='ltr'><strong>per</strong></span> <span class='ocrx_word' id='word_1_60' title='bbox 1002 1125 1147 1195; x_wconf 81' lang='lat' dir='ltr'><strong>artifices</strong></span> <span class='ocrx_word' id='word_1_61' title='bbox 1169 1128 1205 1194; x_wconf 90' lang='lat' dir='ltr'><strong>in</strong></span> 
     </span>
     <span class='ocr_line' id='line_1_9' title="bbox 130 1232 1204 1328; baseline 0 -26"><span class='ocrx_word' id='word_1_62' title='bbox 130 1235 293 1302; x_wconf 85' lang='lat' dir='ltr'><strong>honorem</strong></span> <span class='ocrx_word' id='word_1_63' title='bbox 311 1234 425 1302; x_wconf 88' lang='lat' dir='ltr'><strong>Liberi</strong></span> <span class='ocrx_word' id='word_1_64' title='bbox 440 1234 543 1328; x_wconf 87' lang='lat' dir='ltr'><strong>patris</strong></span> <span class='ocrx_word' id='word_1_65' title='bbox 557 1248 747 1327; x_wconf 86' lang='lat' dir='ltr'><strong>agerentur,</strong></span> <span class='ocrx_word' id='word_1_66' title='bbox 765 1236 864 1303; x_wconf 90' lang='lat' dir='ltr'><strong>etiam</strong></span> <span class='ocrx_word' id='word_1_67' title='bbox 879 1234 942 1328; x_wconf 92' lang='lat' dir='ltr'><strong>ipsi</strong></span> <span class='ocrx_word' id='word_1_68' title='bbox 953 1232 1204 1302; x_wconf 88' lang='lat' dir='ltr'><strong>Comoediarum</strong></span> 
     </span>
     <span class='ocr_line' id='line_1_10' title="bbox 129 1337 1207 1435; baseline -0.001 -28"><span class='ocrx_word' id='word_1_69' title='bbox 129 1337 446 1434; x_wconf 85' lang='lat' dir='ltr'><strong>Tragoediarurnque</strong></span> <span class='ocrx_word' id='word_1_70' title='bbox 472 1341 649 1435; x_wconf 81' lang='lat' dir='ltr'><strong>scriptores</strong></span> <span class='ocrx_word' id='word_1_71' title='bbox 664 1339 764 1432; x_wconf 90' lang='lat' dir='ltr'><strong>hujus</strong></span> <span class='ocrx_word' id='word_1_72' title='bbox 785 1341 867 1426; x_wconf 90' lang='lat' dir='ltr'><strong>Dei,</strong></span> <span class='ocrx_word' id='word_1_73' title='bbox 888 1339 980 1407; x_wconf 90' lang='lat' dir='ltr'><strong>velut</strong></span> <span class='ocrx_word' id='word_1_74' title='bbox 1001 1340 1122 1432; x_wconf 92' lang='lat' dir='ltr'><strong>patris,</strong></span> <span class='ocrx_word' id='word_1_75' title='bbox 1140 1364 1207 1407; x_wconf 89' lang='lat' dir='ltr'><strong>nu·</strong></span> 
     </span>
     <span class='ocr_line' id='line_1_11' title="bbox 131 1442 1226 1541; baseline 0.001 -28"><span class='ocrx_word' id='word_1_76' title='bbox 131 1469 209 1514; x_wconf 90' lang='lat' dir='ltr'><strong>men</strong></span> <span class='ocrx_word' id='word_1_77' title='bbox 231 1442 340 1514; x_wconf 90' lang='lat' dir='ltr'><strong>colere</strong></span> <span class='ocrx_word' id='word_1_78' title='bbox 365 1447 583 1539; x_wconf 86' lang='lat' dir='ltr'><strong>venerarique</strong></span> <span class='ocrx_word' id='word_1_79' title='bbox 606 1461 790 1541; x_wconf 85' lang='lat' dir='ltr'><strong>coeperunt.</strong></span> <span class='ocrx_word' id='word_1_80' title='bbox 819 1445 923 1539; x_wconf 90' lang='lat' dir='ltr'><strong>Cujus</strong></span> <span class='ocrx_word' id='word_1_81' title='bbox 950 1446 998 1513; x_wconf 91' lang='lat' dir='ltr'><strong>rei</strong></span> <span class='ocrx_word' id='word_1_82' title='bbox 1020 1443 1226 1538; x_wconf 46' lang='lat' dir='ltr'><strong>probabilis*</strong></span> 
     </span>
     <span class='ocr_line' id='line_1_12' title="bbox 130 1551 1204 1646; baseline -0.001 -25"><span class='ocrx_word' id='word_1_83' title='bbox 130 1553 216 1621; x_wconf 92' lang='lat' dir='ltr'><strong>ratio</strong></span> <span class='ocrx_word' id='word_1_84' title='bbox 226 1552 361 1621; x_wconf 84' lang='lat' dir='ltr'><strong>exstitit.</strong></span> <span class='ocrx_word' id='word_1_85' title='bbox 379 1555 432 1621; x_wconf 89' lang='lat' dir='ltr'><strong>Ita</strong></span> <span class='ocrx_word' id='word_1_86' title='bbox 450 1554 538 1620; x_wconf 88' lang='lat' dir='ltr'><strong>enim</strong></span> <span class='ocrx_word' id='word_1_87' title='bbox 554 1556 702 1622; x_wconf 87' lang='lat' dir='ltr'><strong>earmina</strong></span> <span class='ocrx_word' id='word_1_88' title='bbox 719 1553 875 1622; x_wconf 87' lang='lat' dir='ltr'><strong>inchoata</strong></span> <span class='ocrx_word' id='word_1_89' title='bbox 886 1551 1152 1646; x_wconf 87' lang='lat' dir='ltr'><strong>proferebantur,</strong></span> <span class='ocrx_word' id='word_1_90' title='bbox 1165 1565 1204 1620; x_wconf 83' lang='lat' dir='ltr'><strong>ut</strong></span> 
     </span>
     <span class='ocr_line' id='line_1_13' title="bbox 129 1655 1203 1754; baseline -0.001 -28"><span class='ocrx_word' id='word_1_91' title='bbox 129 1682 192 1752; x_wconf 91' lang='lat' dir='ltr'><strong>per</strong></span> <span class='ocrx_word' id='word_1_92' title='bbox 209 1680 249 1727; x_wconf 87' lang='lat' dir='ltr'><strong>ea</strong></span> <span class='ocrx_word' id='word_1_93' title='bbox 269 1657 384 1726; x_wconf 89' lang='lat' dir='ltr'><strong>laudes</strong></span> <span class='ocrx_word' id='word_1_94' title='bbox 403 1659 474 1751; x_wconf 88' lang='lat' dir='ltr'><strong>ejus</strong></span> <span class='ocrx_word' id='word_1_95' title='bbox 491 1673 525 1727; x_wconf 89' lang='lat' dir='ltr'><strong>et</strong></span> <span class='ocrx_word' id='word_1_96' title='bbox 541 1658 630 1728; x_wconf 88' lang='lat' dir='ltr'><strong>facta</strong></span> <span class='ocrx_word' id='word_1_97' title='bbox 649 1658 793 1754; x_wconf 88' lang='lat' dir='ltr'><strong>gloriosa</strong></span> <span class='ocrx_word' id='word_1_98' title='bbox 813 1658 972 1728; x_wconf 89' lang='lat' dir='ltr'><strong>celebrari</strong></span> <span class='ocrx_word' id='word_1_99' title='bbox 993 1655 1203 1751; x_wconf 83' lang='lat' dir='ltr'><strong>proferrique</strong></span> 
     </span>
     <span class='ocr_line' id='line_1_14' title="bbox 129 1757 1203 1858; baseline -0.003 -24"><span class='ocrx_word' id='word_1_100' title='bbox 129 1778 317 1834; x_wconf 88' lang='lat' dir='ltr'><strong>constaret:</strong></span> <span class='ocrx_word' id='word_1_101' title='bbox 333 1778 405 1832; x_wconf 93' lang='lat' dir='ltr'><strong>tum</strong></span> <span class='ocrx_word' id='word_1_102' title='bbox 427 1764 585 1858; x_wconf 87' lang='lat' dir='ltr'><strong>paulatim</strong></span> <span class='ocrx_word' id='word_1_103' title='bbox 603 1765 691 1834; x_wconf 88' lang='lat' dir='ltr'><strong>fama</strong></span> <span class='ocrx_word' id='word_1_104' title='bbox 702 1757 802 1857; x_wconf 87' lang='lat' dir='ltr'><strong>hujus</strong></span> <span class='ocrx_word' id='word_1_105' title='bbox 818 1765 896 1833; x_wconf 88' lang='lat' dir='ltr'><strong>artis</strong></span> <span class='ocrx_word' id='word_1_106' title='bbox 911 1762 1086 1833; x_wconf 86' lang='lat' dir='ltr'><strong>increbuit.</strong></span> <span class='ocrx_word' id='word_1_107' title='bbox 1101 1763 1203 1831; x_wconf 85' lang='lat' dir='ltr'><strong>Thes·-</strong></span> 
     </span>
     <span class='ocr_line' id='line_1_15' title="bbox 130 1867 1199 1966; baseline -0.002 -29"><span class='ocrx_word' id='word_1_108' title='bbox 130 1872 181 1964; x_wconf 91' lang='lat' dir='ltr'><strong>pis</strong></span> <span class='ocrx_word' id='word_1_109' title='bbox 192 1884 303 1938; x_wconf 87' lang='lat' dir='ltr'><strong>autem</strong></span> <span class='ocrx_word' id='word_1_110' title='bbox 318 1871 445 1964; x_wconf 89' lang='lat' dir='ltr'><strong>primus</strong></span> <span class='ocrx_word' id='word_1_111' title='bbox 454 1871 525 1940; x_wconf 85' lang='lat' dir='ltr'><strong>haec</strong></span> <span class='ocrx_word' id='word_1_112' title='bbox 538 1873 659 1966; x_wconf 92' lang='lat' dir='ltr'><strong>scripta</strong></span> <span class='ocrx_word' id='word_1_113' title='bbox 675 1874 710 1939; x_wconf 91' lang='lat' dir='ltr'><strong>in</strong></span> <span class='ocrx_word' id='word_1_114' title='bbox 723 1873 874 1939; x_wconf 92' lang='lat' dir='ltr'><strong>omnium</strong></span> <span class='ocrx_word' id='word_1_115' title='bbox 888 1871 1038 1938; x_wconf 89' lang='lat' dir='ltr'><strong>notitiam</strong></span> <span class='ocrx_word' id='word_1_116' title='bbox 1050 1867 1199 1962; x_wconf 86' lang='lat' dir='ltr'><strong>protulit.</strong></span> 
     </span>
     <span class='ocr_line' id='line_1_16' title="bbox 129 1974 1202 2070; baseline -0.002 -26"><span class='ocrx_word' id='word_1_117' title='bbox 129 1979 249 2044; x_wconf 86' lang='lat' dir='ltr'><strong>Postea</strong></span> <span class='ocrx_word' id='word_1_118' title='bbox 266 1974 454 2069; x_wconf 84' lang='lat' dir='ltr'><strong>AEschylus,</strong></span> <span class='ocrx_word' id='word_1_119' title='bbox 475 1991 608 2045; x_wconf 89' lang='lat' dir='ltr'><strong>secutus</strong></span> <span class='ocrx_word' id='word_1_120' title='bbox 628 1976 833 2070; x_wconf 86' lang='lat' dir='ltr'><strong>exemplum,</strong></span> <span class='ocrx_word' id='word_1_121' title='bbox 855 1974 1044 2070; x_wconf 88' lang='lat' dir='ltr'><strong>publicavit.</strong></span> <span class='ocrx_word' id='word_1_122' title='bbox 1062 1977 1116 2043; x_wconf 91' lang='lat' dir='ltr'><strong>De</strong></span> <span class='ocrx_word' id='word_1_123' title='bbox 1132 1976 1202 2068; x_wconf 92' lang='lat' dir='ltr'><strong>qui·</strong></span> 
     </span>
     <span class='ocr_line' id='line_1_17' title="bbox 130 2078 1115 2176; baseline -0.003 -27"><span class='ocrx_word' id='word_1_124' title='bbox 130 2082 257 2152; x_wconf 89' lang='lat' dir='ltr'><strong>busita</strong></span> <span class='ocrx_word' id='word_1_125' title='bbox 277 2083 436 2150; x_wconf 85' lang='lat' dir='ltr'><strong>Horatius</strong></span> <span class='ocrx_word' id='word_1_126' title='bbox 457 2083 492 2148; x_wconf 90' lang='lat' dir='ltr'><strong>in</strong></span> <span class='ocrx_word' id='word_1_127' title='bbox 509 2086 589 2150; x_wconf 87' lang='lat' dir='ltr'><strong>Arte</strong></span> <span class='ocrx_word' id='word_1_128' title='bbox 610 2084 743 2151; x_wconf 88' lang='lat' dir='ltr'><strong>Poetica</strong></span> <span class='ocrx_word' id='word_1_129' title='bbox 764 2081 928 2176; x_wconf 89' lang='lat' dir='ltr'><strong>loquitur;</strong></span> <span class='ocrx_word' id='word_1_130' title='bbox 944 2107 991 2151; x_wconf 75' lang='lat' dir='ltr'><strong>vs.</strong></span> <span class='ocrx_word' id='word_1_131' title='bbox 1016 2078 1115 2176; x_wconf 80' lang='lat'>275:</span> 
     </span>
    </p>
   </div>
   <div class='ocr_carea' id='block_1_4' title="bbox 193 2296 975 3645">
    <p class='ocr_par' dir='ltr' id='par_1_4' title="bbox 193 2296 975 3645">
     <span class='ocr_line' id='line_1_18' title="bbox 207 2296 893 2376; baseline 0 -22"><span class='ocrx_word' id='word_1_132' title='bbox 207 2303 344 2376; x_wconf 84' lang='lat' dir='ltr'><strong>Ignotum</strong></span> <span class='ocrx_word' id='word_1_133' title='bbox 355 2297 483 2372; x_wconf 72' lang='lat' dir='ltr'><strong>Tragion</strong></span> <span class='ocrx_word' id='word_1_134' title='bbox 498 2315 588 2374; x_wconf 89' lang='lat' dir='ltr'><strong>genus</strong></span> <span class='ocrx_word' id='word_1_135' title='bbox 600 2296 745 2354; x_wconf 87' lang='lat' dir='ltr'><strong>invenisse</strong></span> <span class='ocrx_word' id='word_1_136' title='bbox 758 2315 893 2354; x_wconf 83' lang='lat' dir='ltr'><strong>camoenae</strong></span> 
     </span>
     <span class='ocr_line' id='line_1_19' title="bbox 208 2396 952 2475; baseline -0.003 -18"><span class='ocrx_word' id='word_1_137' title='bbox 208 2397 334 2466; x_wconf 89' lang='lat' dir='ltr'><strong>Dicitur,</strong></span> <span class='ocrx_word' id='word_1_138' title='bbox 347 2408 378 2454; x_wconf 91' lang='lat' dir='ltr'><strong>et</strong></span> <span class='ocrx_word' id='word_1_139' title='bbox 392 2397 530 2473; x_wconf 86' lang='lat' dir='ltr'><strong>plaustris</strong></span> <span class='ocrx_word' id='word_1_140' title='bbox 542 2396 654 2454; x_wconf 82' lang='lat' dir='ltr'><strong>vexisse</strong></span> <span class='ocrx_word' id='word_1_141' title='bbox 669 2400 804 2474; x_wconf 72' lang='lat' dir='ltr'><strong>poemata</strong></span> <span class='ocrx_word' id='word_1_142' title='bbox 814 2396 952 2475; x_wconf 83' lang='lat' dir='ltr'><strong>Thespis,</strong></span> 
     </span>
     <span class='ocr_line' id='line_1_20' title="bbox 208 2493 975 2573; baseline -0.003 -19"><span class='ocrx_word' id='word_1_143' title='bbox 208 2501 282 2569; x_wconf 81' lang='lat' dir='ltr'><strong>Quae</strong></span> <span class='ocrx_word' id='word_1_144' title='bbox 296 2506 434 2553; x_wconf 85' lang='lat' dir='ltr'><strong>canerent</strong></span> <span class='ocrx_word' id='word_1_145' title='bbox 446 2506 621 2571; x_wconf 83' lang='lat' dir='ltr'><strong>agerentque</strong></span> <span class='ocrx_word' id='word_1_146' title='bbox 637 2493 772 2573; x_wconf 88' lang='lat' dir='ltr'><strong>peruncti</strong></span> <span class='ocrx_word' id='word_1_147' title='bbox 785 2493 903 2552; x_wconf 80' lang='lat' dir='ltr'><strong>faecibus</strong></span> <span class='ocrx_word' id='word_1_148' title='bbox 914 2513 975 2563; x_wconf 86' lang='lat' dir='ltr'><strong>ora.</strong></span> 
     </span>
     <span class='ocr_line' id='line_1_21' title="bbox 208 2591 970 2670; baseline -0.004 -19"><span class='ocrx_word' id='word_1_149' title='bbox 208 2592 279 2651; x_wconf 84' lang='lat' dir='ltr'><strong>Post</strong></span> <span class='ocrx_word' id='word_1_150' title='bbox 295 2593 373 2650; x_wconf 90' lang='lat' dir='ltr'><strong>hunc</strong></span> <span class='ocrx_word' id='word_1_151' title='bbox 389 2608 523 2670; x_wconf 87' lang='lat' dir='ltr'><strong>personae</strong></span> <span class='ocrx_word' id='word_1_152' title='bbox 536 2593 679 2670; x_wconf 78' lang='lat' dir='ltr'><strong>pallaeque</strong></span> <span class='ocrx_word' id='word_1_153' title='bbox 695 2604 829 2670; x_wconf 89' lang='lat' dir='ltr'><strong>repertor</strong></span> <span class='ocrx_word' id='word_1_154' title='bbox 840 2591 970 2650; x_wconf 81' lang='lat' dir='ltr'><strong>honestae</strong></span> 
     </span>
     <span class='ocr_line' id='line_1_22' title="bbox 209 2686 945 2766; baseline -0.004 -19"><span class='ocrx_word' id='word_1_155' title='bbox 209 2688 382 2764; x_wconf 83' lang='lat' dir='ltr'><strong>AEschylus,</strong></span> <span class='ocrx_word' id='word_1_156' title='bbox 396 2701 426 2745; x_wconf 90' lang='lat' dir='ltr'><strong>ct</strong></span> <span class='ocrx_word' id='word_1_157' title='bbox 436 2688 557 2746; x_wconf 91' lang='lat' dir='ltr'><strong>modicis</strong></span> <span class='ocrx_word' id='word_1_158' title='bbox 568 2687 701 2745; x_wconf 86' lang='lat' dir='ltr'><strong>instravit</strong></span> <span class='ocrx_word' id='word_1_159' title='bbox 717 2686 832 2766; x_wconf 89' lang='lat' dir='ltr'><strong>pulpita</strong></span> <span class='ocrx_word' id='word_1_160' title='bbox 844 2686 945 2764; x_wconf 84' lang='lat' dir='ltr'><strong>tignis,</strong></span> 
     </span>
     <span class='ocr_line' id='line_1_23' title="bbox 208 2782 966 2861; baseline -0.004 -20"><span class='ocrx_word' id='word_1_161' title='bbox 208 2787 246 2841; x_wconf 92' lang='lat' dir='ltr'><strong>Et</strong></span> <span class='ocrx_word' id='word_1_162' title='bbox 256 2782 357 2841; x_wconf 89' lang='lat' dir='ltr'><strong>docuit</strong></span> <span class='ocrx_word' id='word_1_163' title='bbox 372 2803 565 2861; x_wconf 86' lang='lat' dir='ltr'><strong>magnumque</strong></span> <span class='ocrx_word' id='word_1_164' title='bbox 579 2783 673 2861; x_wconf 92' lang='lat' dir='ltr'><strong>loqui,</strong></span> <span class='ocrx_word' id='word_1_165' title='bbox 686 2784 799 2861; x_wconf 89' lang='lat' dir='ltr'><strong>nitique</strong></span> <span class='ocrx_word' id='word_1_166' title='bbox 810 2782 966 2840; x_wconf 85' lang='lat' dir='ltr'><strong>cothurno.</strong></span> 
     </span>
     <span class='ocr_line' id='line_1_24' title="bbox 208 2879 917 2941; baseline -0.006 -1"><span class='ocrx_word' id='word_1_167' title='bbox 208 2879 352 2941; x_wconf 89' lang='lat' dir='ltr'><strong>Successit</strong></span> <span class='ocrx_word' id='word_1_168' title='bbox 363 2891 444 2936; x_wconf 89' lang='lat' dir='ltr'><strong>vetus</strong></span> <span class='ocrx_word' id='word_1_169' title='bbox 458 2880 503 2937; x_wconf 90' lang='lat' dir='ltr'><strong>his</strong></span> <span class='ocrx_word' id='word_1_170' title='bbox 519 2881 668 2938; x_wconf 87' lang='lat' dir='ltr'><strong>Comoedia</strong></span> <span class='ocrx_word' id='word_1_171' title='bbox 679 2899 738 2937; x_wconf 94' lang='lat' dir='ltr'><strong>non</strong></span> <span class='ocrx_word' id='word_1_172' title='bbox 752 2879 813 2937; x_wconf 91' lang='lat' dir='ltr'><strong>sine</strong></span> <span class='ocrx_word' id='word_1_173' title='bbox 825 2880 917 2937; x_wconf 90' lang='lat' dir='ltr'><strong>multa</strong></span> 
     </span>
     <span class='ocr_line' id='line_1_25' title="bbox 208 2975 932 3047; baseline -0.006 -11"><span class='ocrx_word' id='word_1_174' title='bbox 208 2975 309 3036; x_wconf 89' lang='lat' dir='ltr'><strong>Laude</strong></span> <span class='ocrx_word' id='word_1_175' title='bbox 323 2975 436 3033; x_wconf 92' lang='lat' dir='ltr'><strong>:sedin</strong></span> <span class='ocrx_word' id='word_1_176' title='bbox 447 2975 549 3034; x_wconf 87' lang='lat' dir='ltr'><strong>vitium</strong></span> <span class='ocrx_word' id='word_1_177' title='bbox 563 2975 682 3034; x_wconf 88' lang='lat' dir='ltr'><strong>libertas</strong></span> <span class='ocrx_word' id='word_1_178' title='bbox 696 2975 817 3047; x_wconf 86' lang='lat' dir='ltr'><strong>excidit,</strong></span> <span class='ocrx_word' id='word_1_179' title='bbox 831 2988 861 3033; x_wconf 93' lang='lat' dir='ltr'><strong>et</strong></span> <span class='ocrx_word' id='word_1_180' title='bbox 872 2975 932 3032; x_wconf 82' lang='lat' dir='ltr'><strong>vim</strong></span> 
     </span>
     <span class='ocr_line' id='line_1_26' title="bbox 209 3059 940 3150; baseline -0.005 -18"><span class='ocrx_word' id='word_1_181' title='bbox 209 3074 335 3150; x_wconf 83' lang='lat' dir='ltr'><strong>Dignam</strong></span> <span class='ocrx_word' id='word_1_182' title='bbox 346 3074 410 3150; x_wconf 86' lang='lat' dir='ltr'><strong>lege</strong></span> <span class='ocrx_word' id='word_1_183' title='bbox 420 3059 482 3150; x_wconf 82' lang='lat' dir='ltr'><strong>regi</strong></span> <span class='ocrx_word' id='word_1_184' title='bbox 495 3094 502 3128; x_wconf 90' lang='lat'><strong>:</strong></span> <span class='ocrx_word' id='word_1_185' title='bbox 514 3072 562 3129; x_wconf 82' lang='lat' dir='ltr'><strong>lex</strong></span> <span class='ocrx_word' id='word_1_186' title='bbox 573 3085 617 3129; x_wconf 89' lang='lat' dir='ltr'><strong>est</strong></span> <span class='ocrx_word' id='word_1_187' title='bbox 626 3085 762 3149; x_wconf 87' lang='lat' dir='ltr'><strong>accepta:</strong></span> <span class='ocrx_word' id='word_1_188' title='bbox 776 3071 940 3148; x_wconf 89' lang='lat' dir='ltr'><strong>chorusque</strong></span> 
     </span>
     <span class='ocr_line' id='line_1_27' title="bbox 209 3167 842 3249; baseline -0.006 -19"><span class='ocrx_word' id='word_1_189' title='bbox 209 3169 348 3249; x_wconf 82' lang='lat' dir='ltr'><strong>Turpiter</strong></span> <span class='ocrx_word' id='word_1_190' title='bbox 359 3168 493 3241; x_wconf 90' lang='lat' dir='ltr'><strong>obticuit,</strong></span> <span class='ocrx_word' id='word_1_191' title='bbox 504 3167 619 3227; x_wconf 89' lang='lat' dir='ltr'><strong>sublato</strong></span> <span class='ocrx_word' id='word_1_192' title='bbox 629 3168 697 3246; x_wconf 90' lang='lat' dir='ltr'><strong>jure</strong></span> <span class='ocrx_word' id='word_1_193' title='bbox 708 3168 842 3226; x_wconf 89' lang='lat' dir='ltr'><strong>nocendi.</strong></span> 
     </span>
     <span class='ocr_line' id='line_1_28' title="bbox 209 3266 795 3346; baseline -0.009 -18"><span class='ocrx_word' id='word_1_194' title='bbox 209 3267 257 3328; x_wconf 89' lang='lat' dir='ltr'><strong>Nil</strong></span> <span class='ocrx_word' id='word_1_195' title='bbox 269 3268 445 3325; x_wconf 87' lang='lat' dir='ltr'><strong>intentatum</strong></span> <span class='ocrx_word' id='word_1_196' title='bbox 456 3267 549 3325; x_wconf 91' lang='lat' dir='ltr'><strong>nostri</strong></span> <span class='ocrx_word' id='word_1_197' title='bbox 560 3266 670 3344; x_wconf 91' lang='lat' dir='ltr'><strong>liquere</strong></span> <span class='ocrx_word' id='word_1_198' title='bbox 682 3269 776 3346; x_wconf 70' lang='lat' dir='ltr'><strong>poetae</strong></span> <span class='ocrx_word' id='word_1_199' title='bbox 787 3287 795 3322; x_wconf 78' lang='lat' dir='ltr'><em>z</em></span> 
     </span>
     <span class='ocr_line' id='line_1_29' title="bbox 209 3363 942 3442; baseline -0.004 -19"><span class='ocrx_word' id='word_1_200' title='bbox 209 3370 269 3424; x_wconf 88' lang='lat' dir='ltr'><strong>Nec</strong></span> <span class='ocrx_word' id='word_1_201' title='bbox 284 3365 436 3422; x_wconf 88' lang='lat' dir='ltr'><strong>minimum</strong></span> <span class='ocrx_word' id='word_1_202' title='bbox 449 3384 581 3422; x_wconf 90' lang='lat' dir='ltr'><strong>meruere</strong></span> <span class='ocrx_word' id='word_1_203' title='bbox 593 3364 697 3436; x_wconf 90' lang='lat' dir='ltr'><strong>decus,</strong></span> <span class='ocrx_word' id='word_1_204' title='bbox 709 3363 829 3442; x_wconf 80' lang='lat' dir='ltr'><strong>vestigia</strong></span> <span class='ocrx_word' id='word_1_205' title='bbox 841 3367 942 3422; x_wconf 78' lang='lat' dir='ltr'><strong>Graeca</strong></span> 
     </span>
     <span class='ocr_line' id='line_1_30' title="bbox 208 3458 923 3531; baseline -0.003 -12"><span class='ocrx_word' id='word_1_206' title='bbox 208 3460 282 3520; x_wconf 81' lang='lat' dir='ltr'><strong>Ausi</strong></span> <span class='ocrx_word' id='word_1_207' title='bbox 297 3459 448 3531; x_wconf 86' lang='lat' dir='ltr'><strong>deserere,</strong></span> <span class='ocrx_word' id='word_1_208' title='bbox 464 3473 493 3518; x_wconf 91' lang='lat' dir='ltr'><strong>et</strong></span> <span class='ocrx_word' id='word_1_209' title='bbox 506 3458 653 3518; x_wconf 88' lang='lat' dir='ltr'><strong>celebrare</strong></span> <span class='ocrx_word' id='word_1_210' title='bbox 665 3459 823 3518; x_wconf 85' lang='lat' dir='ltr'><strong>domestica</strong></span> <span class='ocrx_word' id='word_1_211' title='bbox 834 3458 923 3531; x_wconf 84' lang='lat' dir='ltr'><strong>facta,</strong></span> 
     </span>
     <span class='ocr_line' id='line_1_31' title="bbox 193 3556 912 3645; baseline -0.008 -28"><span class='ocrx_word' id='word_1_212' title='bbox 193 3638 196 3645; x_wconf 30' lang='grc' dir='ltr'><strong><em>Ι</em></strong></span> <span class='ocrx_word' id='word_1_213' title='bbox 210 3559 265 3618; x_wconf 92' lang='lat' dir='ltr'><strong>Vel</strong></span> <span class='ocrx_word' id='word_1_214' title='bbox 276 3558 327 3636; x_wconf 93' lang='lat' dir='ltr'><strong>qui</strong></span> <span class='ocrx_word' id='word_1_215' title='bbox 338 3569 509 3636; x_wconf 73' lang='lat' dir='ltr'><strong>praetextas,</strong></span> <span class='ocrx_word' id='word_1_216' title='bbox 524 3558 571 3615; x_wconf 89' lang='lat' dir='ltr'><strong>vel</strong></span> <span class='ocrx_word' id='word_1_217' title='bbox 586 3558 638 3634; x_wconf 91' lang='lat' dir='ltr'><strong>qui</strong></span> <span class='ocrx_word' id='word_1_218' title='bbox 649 3556 777 3616; x_wconf 90' lang='lat' dir='ltr'><strong>docuere</strong></span> <span class='ocrx_word' id='word_1_219' title='bbox 792 3569 912 3634; x_wconf 83' lang='lat' dir='ltr'><strong>togatas.</strong></span> 
     </span>
    </p>
   </div>
   <div class='ocr_carea' id='block_1_5' title="bbox 131 3772 1198 4084">
    <p class='ocr_par' dir='ltr' id='par_1_5' title="bbox 131 3772 1198 4084">
     <span class='ocr_line' id='line_1_32' title="bbox 184 3772 1197 3869; baseline 0 -26"><span class='ocrx_word' id='word_1_220' title='bbox 184 3772 310 3843; x_wconf 88' lang='lat' dir='ltr'><strong>Fabula</strong></span> <span class='ocrx_word' id='word_1_221' title='bbox 336 3773 489 3868; x_wconf 88' lang='lat' dir='ltr'><strong>generale</strong></span> <span class='ocrx_word' id='word_1_222' title='bbox 507 3800 631 3844; x_wconf 92' lang='lat' dir='ltr'><strong>nomen</strong></span> <span class='ocrx_word' id='word_1_223' title='bbox 660 3789 729 3861; x_wconf 82' lang='lat' dir='ltr'><strong>est3</strong></span> <span class='ocrx_word' id='word_1_224' title='bbox 753 3774 824 3867; x_wconf 85' lang='lat' dir='ltr'><strong>ejus</strong></span> <span class='ocrx_word' id='word_1_225' title='bbox 845 3774 918 3843; x_wconf 84' lang='lat' dir='ltr'><strong>duae</strong></span> <span class='ocrx_word' id='word_1_226' title='bbox 948 3773 1063 3868; x_wconf 82' lang='lat' dir='ltr'><strong>primae</strong></span> <span class='ocrx_word' id='word_1_227' title='bbox 1089 3790 1197 3869; x_wconf 88' lang='lat' dir='ltr'><strong>partes</strong></span> 
     </span>
     <span class='ocr_line' id='line_1_33' title="bbox 131 3880 1198 3976; baseline -0.006 -22"><span class='ocrx_word' id='word_1_228' title='bbox 131 3897 226 3968; x_wconf 82' lang='lat' dir='ltr'><strong>sunt,</strong></span> <span class='ocrx_word' id='word_1_229' title='bbox 244 3880 420 3976; x_wconf 82' lang='lat' dir='ltr'><strong>Tragoedia</strong></span> <span class='ocrx_word' id='word_1_230' title='bbox 439 3895 472 3950; x_wconf 94' lang='lat' dir='ltr'><strong>et</strong></span> <span class='ocrx_word' id='word_1_231' title='bbox 492 3882 674 3951; x_wconf 88' lang='lat' dir='ltr'><strong>Comoedia.</strong></span> <span class='ocrx_word' id='word_1_232' title='bbox 692 3881 727 3950; x_wconf 94' lang='lat' dir='ltr'><strong>Si</strong></span> <span class='ocrx_word' id='word_1_233' title='bbox 743 3882 863 3950; x_wconf 88' lang='lat' dir='ltr'><strong>Latina</strong></span> <span class='ocrx_word' id='word_1_234' title='bbox 885 3884 1127 3975; x_wconf 82' lang='lat' dir='ltr'><strong>argumentatio</strong></span> <span class='ocrx_word' id='word_1_235' title='bbox 1147 3883 1198 3967; x_wconf 91' lang='lat' dir='ltr'><strong>sit,</strong></span> 
     </span>
     <span class='ocr_line' id='line_1_34' title="bbox 132 3985 1197 4084; baseline -0.005 -24"><span class='ocrx_word' id='word_1_236' title='bbox 132 4001 325 4084; x_wconf 86' lang='lat' dir='ltr'><strong>praetextata</strong></span> <span class='ocrx_word' id='word_1_237' title='bbox 343 3987 473 4058; x_wconf 87' lang='lat' dir='ltr'><strong>dicitur.</strong></span> <span class='ocrx_word' id='word_1_238' title='bbox 490 3988 665 4060; x_wconf 88' lang='lat' dir='ltr'><strong>Comoedia</strong></span> <span class='ocrx_word' id='word_1_239' title='bbox 682 4002 792 4058; x_wconf 88' lang='lat' dir='ltr'><strong>autem</strong></span> <span class='ocrx_word' id='word_1_240' title='bbox 809 3985 930 4058; x_wconf 88' lang='lat' dir='ltr'><strong>multas</strong></span> <span class='ocrx_word' id='word_1_241' title='bbox 945 3988 1070 4081; x_wconf 89' lang='lat' dir='ltr'><strong>species</strong></span> <span class='ocrx_word' id='word_1_242' title='bbox 1087 3988 1197 4058; x_wconf 86' lang='lat' dir='ltr'><strong>habet.</strong></span> 
     </span>
    </p>
   </div>
   <div class='ocr_carea' id='block_1_6' title="bbox 0 0 1346 4830">
    <p class='ocr_par' dir='ltr' id='par_1_6' title="bbox 0 0 1346 4830">
     <span class='ocr_line' id='line_1_35' title="bbox 0 0 1346 4830; baseline 0 0"><span class='ocrx_word' id='word_1_243' title='bbox 0 0 1346 4830; x_wconf 95' lang='lat' dir='ltr'><strong> </strong></span> 
     </span>
    </p>
   </div>
  </div>
 </body>
</html>
