2670 4822
131 402 183 447 xn
532 382 813 472 PRAEFATIO
915 412 917 418 ·

128 512 271 604 quoties,
294 511 439 581 ubitam
459 537 546 606 saepc
567 513 749 609 neglexerit
772 512 1004 582 auctoritatem
1021 513 1199 601 codicum,

128 617 360 711 refugiendum
375 633 461 688 esset
478 618 521 687 ad
533 617 615 689 illos.
633 621 682 690 Ac
696 644 774 689 sane
791 620 935 688 incertus
948 642 1021 686 sum
1040 619 1082 687 de
1093 623 1199 688 Bent-

129 721 210 806 lei0,
231 739 343 792 utrum
366 725 400 793 iu
422 725 582 794 mutando
611 726 769 795 audacior
792 725 874 792 mihi
898 726 989 794 visus
1013 725 1133 810 fuerit,
1155 749 1198 792 an

129 831 278 923 sagacior
299 831 333 921 in
353 831 593 924 perscrutando
613 857 706 918 vero;
731 832 764 900 id
785 844 917 899 tantum
943 832 1086 924 cognovi
1103 830 1197 898 illum

127 935 229 1003 modo
245 938 356 1005 versui
375 961 435 1005 suo
451 937 608 1032 fingendo
622 937 855 1007 ultramodum
868 937 1082 1022 concessisse,
1094 936 1197 1006 modo

127 1043 318 1110 Terentium
341 1045 446 1137 magis
464 1067 504 1110 cx
523 1044 655 1138 ingenio
683 1069 743 1114 suo
763 1067 863 1138 quam
882 1068 923 1110 ex
944 1042 1010 1110 fide
1035 1041 1197 1111 librorum

126 1148 258 1240 ipsimet
275 1172 476 1234 consonum,
491 1150 626 1244 insuper
643 1149 796 1219 eumdem
807 1147 913 1216 Plauti
931 1146 1070 1216 similem
1085 1148 1195 1216 reddi·

127 1267 198 1322 tum
222 1252 373 1323 voluisse.
396 1256 552 1323 Attamen
570 1258 643 1350 quis
658 1270 708 1325 est
723 1257 781 1350 qui
799 1254 944 1339 homini,
959 1254 1001 1323 dc
1017 1257 1121 1323 Poeta
1134 1280 1197 1323 me

61 1386 64 1393 ·
127 1360 300 1447 ritissimo,
315 1359 459 1454 palmam
479 1359 617 1455 eripiat?

179 1468 428 1560 Nonnunquam
443 1468 514 1560 ipsc
533 1492 596 1561 ego
612 1466 784 1563 amplexus
799 1492 889 1550 sum,
908 1468 934 1535 si
954 1491 1027 1560 quae
1042 1464 1195 1536 meliores

125 1571 328 1658 viderentur,
349 1571 556 1643 Bentleianas
581 1577 789 1644 mutationes.
808 1577 1036 1643 Veruntamen
1065 1597 1108 1640 ue
1136 1572 1195 1641 soli

125 1677 275 1747 Bentlcio
307 1677 525 1766 adhaererem,
547 1678 628 1750 alios
652 1683 872 1774 circumspexi
899 1680 1064 1766 editores,
1094 1692 1195 1771 utque

125 1783 219 1852 basin
239 1782 387 1853 lectionis
412 1785 493 1853 mihi
520 1786 763 1855 substernerem
788 1809 1004 1880 poneremve,
1025 1783 1194 1854 codicibus

126 1914 167 1958 ex
181 1904 276 1984 parte
290 1915 368 1959 usus
383 1916 455 1959 sum
471 1905 539 1959 tam
553 1890 676 1980 aliena,
690 1916 788 1986 quam
799 1915 872 1960 mea
891 1893 993 1985 ipsius
1009 1914 1113 1984 opera
1126 1889 1195 1958 col·

124 1992 209 2064 latis.
228 1994 374 2065 Collatus
396 1999 484 2064 enim
505 2011 743 2092 excerptosquc
763 1996 933 2082 consului,
951 2010 1115 2091 quatenus
1134 2021 1193 2064 va-

125 2101 274 2170 rietatem
283 2100 433 2171 lectionis
446 2104 678 2198 investigarem
688 2157 698 2192 ,
710 2106 833 2172 Msstos
845 2099 978 2170 Italicos
993 2101 1035 2169 ab
1049 2105 1076 2168 F
1078 2125 1193 2189 aerno,

125 2207 327 2301 Anglicanos
349 2232 368 2275 a
389 2208 554 2296 Bentlei03
580 2210 693 2304 quiin
720 2207 828 2278 Gallia
852 2221 977 2295 essent,
998 2231 1018 2274 a
1045 2209 1191 2276 Murato.

125 2315 241 2407 Neque
259 2316 410 2383 omittam
432 2313 596 2385 Palatinos
619 2339 640 2384 a
656 2319 761 2384 Pareo
776 2316 955 2384 recensitos
974 2327 1008 2381 et
1028 2337 1195 2406 compara·

125 2434 195 2507 tos;
214 2435 272 2490 aut
288 2421 510 2489 Wcsterhovii
530 2421 696 2515 Belgicus,
715 2423 801 2489 inter
819 2446 902 2514 quos
917 2418 1096 2488 Leidenses
1115 2420 1195 2486 emi·

125 2542 224 2614 ncnt;
244 2527 431 2596 Editionem
455 2527 571 2621 saepius
592 2529 622 2594 ei
640 2526 807 2597 laudatam
825 2527 867 2596 dc
889 2550 977 2594 anno
1007 2523 1104 2618 1469
1116 2549 1126 2611 ;
1140 2537 1194 2592 aut

127 2631 286 2726 denique,
301 2635 327 2701 si
342 2635 398 2725 qui
417 2632 561 2721 fuerint,
575 2634 808 2720 Germanicos,
827 2656 846 2701 a
865 2635 907 2702 G.
922 2645 957 2701 et
972 2634 1024 2698 Fr.
1038 2630 1194 2698 Fabriciis

126 2735 263 2830 aliisque
280 2737 457 2806 consultos.
472 2743 517 2806 At
529 2765 613 2832 quos
632 2741 701 2833 ipse
717 2738 781 2807 adii
794 2739 924 2808 codices
939 2751 1038 2829 atque
1052 2737 1195 2830 inspexi,

126 2843 277 2912 Gothani
298 2857 376 2911 suut
394 2842 483 2929 duo,
499 2868 586 2913 uuus
608 2845 860 2931 membraneus,
879 2845 1074 2913 chartaceus
1093 2840 1193 2926 alter,

125 2974 270 3043 quorum
298 2963 477 3042 utrumque
497 2952 610 3044 accepi
630 2950 794 3019 beneficio
820 2949 939 3019 Ukerti
967 2949 1195 3017 humanissimi

125 3057 189 3124 viri
199 3082 239 3125 ex
251 3056 414 3126 thesauris
430 3054 570 3125 librariis
584 3057 739 3125 Sereniss.
753 3057 856 3125 Ducis
866 3055 954 3124 ultro
966 3055 1047 3122 mihi
1056 3053 1195 3141 oblatos,

178 3163 352 3233 Accedunt
373 3161 626 3256 Guelferbytani
648 3176 803 3256 quatuor,
819 3162 861 3230 dc
875 3161 994 3255 quibus
1005 3159 1103 3228 infra.

179 3272 238 3338 His
251 3270 337 3338 addo
352 3269 510 3339 lectiones
525 3296 543 3337 e
556 3269 669 3338 codice
684 3270 815 3338 lenensi
826 3321 835 3354 ,
846 3271 1000 3337 Romano
1012 3290 1051 3336 ac
1065 3268 1197 3336 Veneto

125 3376 333 3469 desumptas,
349 3400 431 3470 quas
444 3377 609 3445 variantes
623 3375 765 3446 Baebius
785 3373 953 3444 familiaris
972 3373 1114 3467 benigne
1128 3397 1196 3441 me·

125 3508 201 3551 cum
222 3484 489 3551 communicavit.

180 3587 246 3657 Sed
271 3587 371 3657 redeo
399 3588 441 3656 ad
467 3591 648 3676 Faernum,
666 3591 722 3683 qui
753 3589 858 3658 textui
881 3612 941 3657 suo
971 3583 1198 3680 comparando

126 3694 247 3764 librum
282 3694 465 3763 substruxit
487 3695 906 3790 antiquissimum,praeter
926 3718 1026 3787 quem
1047 3690 1199 3760 adhibuit

126 3802 225 3870 etiam
245 3799 483 3887 Basilicarum,
494 3802 693 3870 Vaticanum
708 3816 808 3895 atque
820 3801 1029 3871 Bembinum.
1043 3800 1199 3866 DeBem·

125 3907 205 3976 bino
224 3920 336 3975 autem
353 3906 457 3994 libro,
472 3905 567 3999 cujus
585 3922 677 3994 tanta
693 3922 727 3976 et
752 3904 843 4002 apud
860 3905 1044 3976 Bentleium
1064 3918 1114 3972 cst
1135 3925 1199 3970 au·

126 4014 281 4102 ctoritas,
293 4014 482 4083 notavimus
501 4013 534 4082 in
555 4013 716 4108 Catalogo
737 4014 937 4100 editionum,
959 4013 1016 4081 ubi
1031 4010 1195 4079 videatur.
