2684 4830
132 409 171 456 tv
312 383 574 455 PRAEFATIO
601 383 737 455 Novl
762 383 1024 453 EDITORIS

134 585 236 673 simi
251 582 338 672 viri
359 613 470 705 pace
490 579 705 695 dixerim,
723 578 978 671 desiderare
995 580 1130 671 nohis
1143 583 1205 671 vi-

133 742 368 854 deremur,
396 737 530 829 nobis
563 771 661 828 non
688 738 819 829 licuit
850 759 1056 830 nostram
1085 739 1205 829 hanc

135 900 382 992 editionem
400 898 594 988 omnino
617 899 920 987 Perletianam
934 895 1203 988 inscribere:

134 1055 261 1183 quod
284 1055 360 1146 alii
386 1052 541 1143 forsan
566 1055 835 1144 inconsultae
860 1052 1104 1177 superhiae3
1129 1053 1205 1143 alii

133 1215 288 1336 (Deus
320 1209 455 1331 faxit)
487 1210 725 1332 cupiditati
761 1244 858 1301 uon
895 1213 1204 1335 vituperandae

134 1370 328 1460 meliora
354 1365 617 1491 proferendi
637 1366 864 1483 tribuent,
882 1389 935 1458 ut
956 1403 1041 1460 nos
1066 1372 1206 1460 etiam

136 1526 192 1617 de
218 1527 382 1615 litteris
408 1524 561 1614 latinis
589 1524 762 1652 aliquid
786 1524 903 1618 hene
933 1531 1100 1618 mereri
1125 1561 1205 1652 po·

76 1673 79 1680 ¹
139 1687 279 1774 tuisse
288 1681 562 1805 judicemur.

198 1847 316 1934 Utut
355 1841 462 1955 erit,
509 1842 546 1928 si
584 1839 697 1968 quid
735 1842 1042 1933 omittendum
1083 1843 1211 1933 duxi·

138 2032 243 2091 mus
259 2001 380 2088 inter
399 2031 453 2088 ea
472 2029 572 2121 quae
591 1998 795 2088 Perletus
808 1999 1053 2117 offerebat,
1066 2003 1211 2092 nostri

140 2160 301 2250 saltem
314 2156 431 2277 juris
444 2153 594 2246 facere
615 2128 961 2280 properavimus
985 2160 1208 2286 quidquid

140 2313 311 2428 lucide,
335 2311 561 2440 quidquid
586 2315 843 2441 ingeniose,
873 2318 1098 2444 quidquid
1130 2319 1214 2409 ele-

143 2494 305 2602 gauter
316 2469 651 2561 adnotaverunt
669 2472 978 2596 probatissimi
990 2478 1214 2567 Terentia-

144 2662 312 2720 narmn
337 2627 600 2718 fabularum
621 2630 914 2754 interpretes3
935 2633 1103 2758 quibus
1122 2669 1216 2725 me·

144 2791 256 2878 ritas
274 2785 477 2876 Perletus
495 2789 589 2908 ipse
612 2787 768 2878 retulit
786 2792 835 2878 in
853 2791 1117 2913 praefatione
1136 2827 1216 2909 sua

149 2967 322 3075 grates,
336 2944 449 3034 dum
462 2970 543 3034 sua
559 2946 824 3063 exsolveret,
841 2954 1083 3042 nostrimet
1099 2955 1218 3076 ipso·

147 3140 254 3196 rum
277 3102 431 3194 dehita
448 3136 633 3228 quoque
649 3109 820 3227 partim
839 3110 1084 3201 exsolvens.

212 3264 622 3354 Verumenimvero
668 3262 743 3352 alii
788 3287 965 3357 exstant
1010 3291 1218 3361 auctores

151 3454 267 3548 quos
291 3452 386 3509 non
411 3422 689 3551 nominavit,
708 3445 788 3512 aut
813 3459 929 3550 quos
953 3460 1048 3517 non
1068 3432 1218 3551 potuit

152 3610 427 3705 cognoscere
458 3577 679 3694 Perletus,
713 3579 880 3705 quibus
907 3617 992 3675 nos
1019 3588 1219 3676 multum

152 3735 316 3863 dehere
335 3736 636 3859 profitemura

212 3897 342 3983 Unus
361 3916 428 3985 est
450 3895 621 3987 scilicet
640 3900 842 3988 Terentii
867 3922 1216 4017 commentator,
