2670 4822
125 387 207 432 mv
292 362 355 431 nn
380 338 642 433 rnaotnnm
668 364 725 432 nr
752 364 1002 434 commum.

127 495 223 563 binos
248 492 508 564 adolescentulos
535 496 671 564 hahent.
703 494 792 565 Illud
821 521 902 564 vero
928 492 1111 563 tenendum
1131 506 1195 577 est,
1229 568 1232 576 ,

127 614 204 694 post
236 600 305 667 νέαν
335 593 511 693 Κωμῳδίαν
542 605 679 672 Latinos
704 600 809 670 multa
838 599 1039 670 Tabularum
1074 623 1195 698 genera

127 703 301 800 protulisse
316 720 376 775 :ut
395 721 546 802 togatas,
567 733 586 776 a
607 709 743 779 scenicis
760 723 859 802 atque
878 706 1083 800 argumentis
1106 705 1194 779 Lati-

127 812 205 880 nis:
233 826 461 906 praetextataS,
489 814 532 882 ab
561 814 720 910 dignitate
749 837 986 908 personarum,
1016 825 1051 880 et
1078 810 1196 880 Latina

127 916 290 986 historia:
313 919 509 1007 Attellanas,
528 946 548 989 a
574 922 707 991 civitate
737 920 942 1014 Campaniae,
971 917 1030 986 uhi
1053 918 1195 986 actitatae

127 1036 206 1091 sunt
222 1020 394 1117 plurimae:
412 1026 655 1121 Rhyntonicas,
673 1027 715 1095 ab
729 1028 850 1096 actoris
870 1025 1024 1093 nomine:
1042 1023 1194 1092 taberna·

128 1130 211 1216 rias,
225 1129 267 1196 ab
279 1129 463 1201 humilitate
475 1136 661 1228 argumenti
675 1147 709 1202 et
723 1132 816 1227 styli:
832 1133 970 1213 mimos,
982 1130 1024 1198 ab
1041 1129 1196 1201 diuturna

128 1236 310 1304 imitatione
328 1236 444 1307 vilium
459 1265 570 1308 rerum
585 1255 619 1308 et
631 1240 752 1309 levium
768 1262 997 1334 personarum.
1013 1239 1107 1305 Inter
1117 1236 1195 1302 Tra·

76 1433 79 1438 ¹
127 1340 270 1435 goediam
285 1357 397 1413 autem
412 1359 445 1413 et
460 1346 667 1415 Comoediam
688 1370 791 1441 quum
809 1342 929 1430 multa,
946 1339 1020 1411 tum
1038 1341 1197 1436 inprimis

59 1509 63 1517 ,
127 1446 193 1515 hoc
213 1447 328 1537 distat,
348 1449 437 1544 quod
456 1454 491 1520 iu
511 1452 682 1523 Comoedia
703 1452 885 1523 mediocres
913 1450 1054 1519 fortunae
1080 1447 1193 1515 homi·

130 1577 212 1620 num
225 1604 235 1637 ,
250 1557 343 1649 parvi
362 1559 506 1652 impetus
528 1559 755 1654 periculaque,
774 1557 903 1651 laetique
922 1569 999 1625 sunt
1020 1556 1131 1623 exitus
1143 1576 1195 1622 ac·

131 1659 271 1728 tionum.
292 1663 337 1730 At
361 1664 395 1730 iu
413 1664 604 1759 Tragoedia,
622 1667 733 1734 omnia
755 1664 936 1749 contraria,
954 1663 1106 1755 ingentes
1123 1684 1196 1753 per·

131 1790 237 1853 sonae,
259 1771 370 1862 magni
399 1771 550 1859 timores,
572 1774 677 1841 exitus
706 1771 826 1839 funesti
854 1768 1029 1836 habentur.
1058 1769 1104 1834 Et
1133 1763 1196 1834 illic

131 1871 321 1943 turbulenta
334 1876 644 1972 prima,tranquilla
658 1876 781 1945 ultima.
797 1881 836 1943 In
845 1873 1020 1969 Tragoedia
1031 1873 1196 1940 contrario

131 1978 248 2047 ordine
257 2005 310 2047 res
324 1997 477 2076 aguntur.
492 1986 579 2052 Tum
593 1983 683 2078 quod
695 1986 730 2051 in
743 1980 935 2076 Tragoedia,
946 1977 1102 2073 fugienda
1113 1978 1196 2063 vita,

132 2085 167 2150 in
181 2083 364 2170 Comoedia,
381 2089 583 2181 capessenda
596 2090 799 2183 exprimitur.
815 2090 1004 2170 Postremo,
1018 2083 1110 2178 quod
1123 2108 1196 2150 om·

134 2191 185 2258 nis
212 2192 374 2260 comoedia
397 2192 437 2262 de
453 2192 538 2264 fictis
553 2209 603 2264 est
618 2196 821 2289 argumentis
837 2220 844 2261 :
862 2191 1036 2287 Tragoedia
1053 2214 1139 2284 saepe
1157 2189 1196 2256 ab

133 2295 291 2366 historica
311 2297 377 2366 fide
398 2301 529 2394 petitur.
550 2303 675 2370 Latinae
694 2298 826 2369 Fabulae
848 2301 956 2393 primo
977 2321 996 2365 a
1018 2297 1115 2366 Livio
1133 2297 1197 2363 An·

133 2401 271 2473 dronico
295 2406 425 2500 scriptae
447 2421 538 2494 sunt,
557 2408 659 2494 adeo,
674 2421 712 2475 ut
730 2407 771 2474 ad
787 2405 848 2475 has
869 2429 920 2473 res
936 2405 1034 2472 etiam
1056 2417 1128 2471 tum
1150 2425 1197 2469 re-

135 2524 248 2579 centes
265 2512 353 2581 idem
368 2527 402 2581 et
421 2528 519 2607 poeta
539 2528 572 2582 et
594 2529 688 2582 actor
706 2511 906 2581 Fabularum
925 2534 1058 2579 suarum
1077 2508 1197 2576 fuisset.

134 2617 315 2686 Comoediae
329 2633 440 2689 autem
461 2621 611 2690 motoriae
629 2633 722 2706 sunt,
744 2633 802 2688 aut
816 2618 977 2702 statariae,
999 2631 1057 2684 aut
1076 2615 1196 2682 mixtae.

132 2722 305 2810 Motoriae,
334 2725 557 2796 turbulentae²
583 2728 746 2812 statariae,
772 2725 948 2819 quietiores
974 2748 980 2789 :
1010 2723 1139 2806 mixtae,
1161 2744 1199 2788 ex

134 2839 277 2921 utroque
300 2844 375 2898 actu
405 2833 628 2902 consistentes.
650 2831 822 2902 Comoedia
845 2855 906 2925 per
926 2843 1069 2923 quatuor
1093 2840 1200 2920 partes

134 2931 316 3024 dividitur,
347 2934 540 3032 prologum,
570 2941 738 3032 protasin,
770 2938 929 3032 epitasin,
958 2932 1201 3027 catastrophen.

135 3039 297 3136 Prologus
318 3057 368 3112 est
385 3043 476 3112 velut
493 3045 644 3138 praefatio
658 3044 809 3138 quaedam
826 3040 964 3126 fabulae,
986 3042 1020 3108 in
1042 3064 1110 3133 quo
1133 3038 1201 3107 solo

136 3143 213 3215 licet
240 3163 361 3242 praeter
395 3167 628 3244 argumentum
654 3151 775 3245 aliquid
801 3149 843 3217 ad
874 3145 1052 3243 populum,
1077 3144 1129 3213 vel
1165 3170 1203 3213 ex

52 3247 56 3253 ’
137 3248 261 3346 poetae,
282 3254 335 3324 vel
357 3259 511 3352 exipsius
529 3256 664 3343 fabulae,
680 3257 731 3326 vel
754 3257 929 3326 exactoris
951 3251 1145 3340 commodo,
1160 3249 1204 3320 lo

137 3361 204 3451 qui.
227 3363 371 3431 Protasis
386 3366 513 3458 primus
531 3379 580 3433 est
596 3379 706 3452 actus,
719 3365 913 3457 initiumque
931 3361 1100 3429 dramatis.
1120 3358 1202 3451 Epi·

135 3467 214 3534 tasis
224 3467 464 3539 incrementum
479 3495 718 3565 processusque
731 3470 924 3550 turbarum,
939 3491 979 3536 ac
990 3467 1148 3549 totius,ut
1160 3465 1205 3531 ita

137 3571 292 3660 dixerim,
311 3591 422 3645 motus
440 3578 572 3646 erroris.
591 3576 813 3669 Catastrophe
835 3575 1006 3645 conversio
1024 3595 1137 3640 rerum
1156 3582 1206 3637 est

138 3679 181 3748 ad
199 3679 362 3767 jucundos
378 3683 498 3765 exitus,
513 3684 676 3777 patefacta
688 3683 816 3753 cunctis
828 3681 1014 3774 cognitione
1026 3690 1205 3770 gestorum.

193 3787 366 3857 Comoedia
382 3803 432 3858 est
453 3788 564 3858 fabula
588 3789 761 3859 1⁰diversa
781 3789 929 3857 instituta
948 3785 1140 3868 continens,
1165 3780 1209 3850 af·

182 4007 224 4041 10.
242 3987 366 4041 Comoedia
378 4001 414 4039 est
428 3989 525 4056 subulo.
539 3990 571 4041 Iu
586 3988 648 4040 Mss.
694 3987 770 4041 Adeo
780 3997 1109 4058 ut‚quaesequuntur,uon
1118 3983 1208 4034 Evan-

139 4068 176 4120 sic
187 4080 225 4122 est
235 4086 242 4122 ε
254 4069 294 4121 De
309 4068 441 4124 Comudia.
451 4069 575 4123 Comoedr‘ca
584 4070 650 4134 ests.
696 4068 745 4122 thii
757 4067 884 4138 amplius,
903 4063 949 4120 sed
974 4063 1079 4118 alterius
1093 4060 1207 4116 auctoris
