2684 4830
215 369 289 417 suu
398 349 463 419 DE
488 347 752 421 TRAGOEDIA
778 351 836 421 ΕΤ
861 349 1112 423 ΟΟΜΟΕΒΙΔ.

213 476 444 565 indolesceret,
462 478 497 549 id
513 493 583 562 est,
593 481 691 551 unius
704 479 859 551 carminis
876 477 988 574 plures
1001 478 1120 550 libros.
1139 482 1215 549 Hoc
1228 482 1289 576 igi·

213 596 281 671 tur,
298 600 365 678 quo
383 610 484 680 supra
501 585 664 671 diximus,
686 586 787 657 modo
808 587 916 656 eoacti
939 586 1091 656 omittere
1113 587 1287 680 Satyrum,

213 687 304 759 aliud
319 716 423 786 genus
437 693 607 780 carminis,
621 703 677 768 τήν
695 695 764 761 νέαν
778 683 907 784 Κωμῳδ
910 692 975 778 ίαν,
990 691 1056 777 hoc
1074 705 1144 778 est,
1162 717 1287 763 novam

215 797 423 869 Comoediam
449 822 603 892 reperere
631 813 758 895 poetae3
785 823 859 893 quae
872 784 1084 893 ‘argumento
1106 801 1287 870 'communi

214 904 337 996 magis,
352 916 389 971 et
400 903 601 998 generaliter
616 905 659 975 ad
676 929 792 975 ornnes
807 904 978 991 homines,
990 904 1047 997 qui
1064 902 1287 976 mediocribus

214 1009 356 1077 fortunis
376 1024 500 1104 agunt,
513 1013 716 1104 pertineret:
738 1026 773 1081 et
792 1011 902 1081 minus
921 1008 1148 1079 amaritudinis
1162 1024 1288 1104 spocta-

214 1114 356 1201 toribus,
374 1129 414 1187 et
446 1116 562 1186 eadem
583 1132 687 1213 opera
706 1115 850 1187 multum
873 1114 1102 1185 delectationis
1123 1113 1287 1185 afferret:

214 1221 378 1290 concinna
390 1238 609 1316 argumento,
625 1221 864 1293 consuetudine
876 1245 1041 1316 congrua,
1050 1219 1140 1290 utilis
1156 1236 1287 1293 senteu-

214 1327 288 1412 tiis,
306 1341 400 1421 grata
419 1327 556 1416 salibus,
574 1344 653 1425 apta
673 1342 791 1398 metro.
815 1330 865 1397 Ut
882 1328 984 1423 igitur
1006 1328 1193 1422 superiores
1223 1326 1287 1399 illae

213 1433 281 1501 suis
302 1458 441 1528 quaeque
458 1434 668 1505 celebrantur
688 1434 895 1505 auctoribus:
916 1435 962 1503 ita
979 1433 1052 1504 haec
1068 1435 1121 1501 νέα
1136 1425 1287 1527 κωμῳδία

212 1539 1286 1640 quummultorumautentumpraecipueMenandriTerentiiquo

93 1711 96 1718 r
212 1658 273 1715 est.
284 1647 409 1741 Deque
423 1672 526 1740 quum
540 1647 645 1717 multa
659 1647 797 1717 dicenda
811 1648 894 1734 sint,
911 1660 963 1715 sat
979 1647 1043 1715 erit
1056 1660 1183 1731 tamen,
1196 1644 1287 1717 velut

213 1749 415 1821 admonendi
437 1752 568 1823 lectoris
585 1778 699 1838 causa,
722 1753 812 1848 quod
831 1752 873 1821 de
890 1767 961 1821 arte
983 1754 1111 1821 comica
1134 1767 1285 1821 veterum

210 1856 334 1929 chartis
347 1860 548 1947 continetur,
570 1884 745 1955 exponere.
764 1857 937 1929 Comoedia
952 1872 1063 1946 vetus,
1077 1871 1114 1927 ut
1126 1858 1169 1955 ab
1188 1858 1285 1928 initio

213 1963 337 2032 chorus
354 1963 435 2051 fuit,
454 1964 678 2061 paulatimque
693 1989 910 2061 personarum
926 1989 1069 2033 numero
1087 1965 1119 2031 in
1138 1964 1285 2061 quinque

212 2083 307 2138 actus
322 2073 500 2164 processit:
517 2073 562 2141 ita
577 2070 736 2167 paulatim
750 2070 842 2139 velut
856 2071 968 2143 attrito
987 2084 1086 2165 atque
1099 2083 1284 2140 extenuato

211 2175 318 2245 choro
336 2175 378 2245 ad
399 2203 521 2246 novam
544 2178 751 2249 Comoediam
771 2176 817 2246 sic
839 2177 1008 2271 pervenit,
1028 2191 1068 2247 ut
1097 2176 1131 2243 in
1154 2199 1194 2245 ea
1216 2201 1284 2245 non

212 2281 314 2353 modo
335 2307 404 2352 non
420 2284 602 2355 inducatur
623 2286 762 2366 chorus,
790 2282 847 2353 sed
868 2308 911 2352 ne
930 2281 1022 2353 locus
1042 2281 1176 2377 quidem
1198 2280 1284 2356 nllus

209 2387 280 2482 jam
303 2387 510 2485 relinquatur
535 2390 649 2459 choro.
677 2394 780 2476 Nam,
803 2403 978 2483 postquam
1004 2390 1110 2463 otioso
1134 2402 1284 2482 tempore

96 2541 100 2549 -
212 2493 412 2566 fastidiosior
431 2512 598 2592 spectator
619 2497 776 2580 effectus,
796 2510 878 2564 tunc
894 2520 997 2589 quum
1012 2495 1055 2563 ad
1075 2507 1229 2564 cantores
1242 2495 1284 2563 ab

212 2603 381 2671 actoribus
400 2602 511 2672 fabula
533 2603 711 2689 transibat,
729 2627 929 2696 consurgere
948 2615 981 2670 et
998 2601 1088 2670 abire
1110 2601 1284 2694 coepisset,

214 2707 388 2776 admonuit
407 2725 524 2802 poetas
540 2713 648 2805 primo
665 2709 796 2805 quidem
816 2708 936 2777 choros
953 2707 1226 2802 praetermittere,
1244 2704 1287 2775 lo

211 2838 290 2881 cum
313 2814 360 2881 eis
380 2813 622 2908 relinquentes:
639 2831 677 2885 ut
696 2813 879 2884 Menander
897 2814 996 2898 fecit,
1014 2813 1078 2882 hac
1104 2813 1146 2881 de
1162 2836 1286 2895 causa,

212 2944 299 3006 uon,
318 2933 355 2988 ut
374 2918 429 2987 alii
452 2923 653 3006 existimant,
672 2922 745 2991 alia.
772 2923 945 2993 Postremo
963 2945 1005 2993 ne
1021 2918 1131 2989 locum
1149 2919 1284 3012 quidem

212 3023 434 3120 reliquerunt:
454 3028 544 3121 quod
561 3029 673 3099 Latini
692 3027 844 3097 feceruut
865 3028 997 3108 comici,
1024 3025 1111 3094 unde
1133 3025 1225 3118 apud
1239 3023 1283 3099 il·

212 3130 262 3199 los
281 3132 435 3224 dirimere
449 3149 542 3202 actus
560 3134 845 3228 quinquepartitos
864 3131 997 3201 dillicile
1010 3147 1073 3200 est.
1086 3135 1172 3199 Tum
1185 3131 1284 3203 etiam

214 3238 492 3333 GraeciPrologos
508 3266 576 3308 non
592 3239 717 3308 habent
735 3263 827 3307 more
840 3241 1059 3323 Nostrorum,
1073 3261 1156 3330 quos
1173 3237 1284 3304 Latini

213 3343 347 3413 habent.
364 3346 494 3414 Deinde
503 3347 598 3424 Θεοὺς
610 3343 672 3413 ἀπὸ
682 3355 820 3437 μηχανῆς
833 3397 841 3423 ,
853 3345 887 3412 id
897 3359 965 3425 est,
980 3346 1070 3413 Deos
1081 3343 1284 3434 argumentis

211 3448 385 3519 narrandis
396 3451 619 3532 machinatos,
637 3453 747 3521 caeteri
765 3451 875 3521 Latini
889 3451 991 3523 instar
1009 3451 1206 3518 Graecorum
1219 3448 1285 3517 ha-

212 3555 318 3624 hent:
340 3559 514 3627 Terentius
532 3583 600 3627 non
619 3557 729 3627 habet.
754 3557 805 3625 Ad
821 3558 904 3644 hoc,
926 3552 1101 3650 προτατικὰ
1114 3555 1285 3646 πρόσωπα,

210 3660 333 3746 idest,
355 3687 514 3757 personas
542 3679 635 3732 extra
665 3677 899 3759 argumentum
926 3663 1118 3743 arcessitos,
1141 3685 1211 3728 non
1236 3659 1284 3728 fa·

213 3765 275 3836 cile
296 3771 406 3838 caeteri
428 3769 574 3839 hahent:
596 3771 715 3866 quibus
732 3770 907 3839 Terentius
927 3793 1013 3863 saepe
1031 3769 1148 3848 utitur,
1172 3780 1210 3835 ut
1223 3790 1285 3863 per

211 3873 333 3947 harum
344 3875 551 3947 inductiones
568 3877 662 3949 facile
678 3890 791 3972 pateat
807 3890 1051 3971 argumentum.
1062 3876 1221 3958 Veteres,
1238 3886 1287 3941 et·

209 3983 235 4050 si
263 3983 324 4077 ipsi
352 4008 484 4077 quoque
510 3986 544 4053 in
573 3985 689 4055 metris
721 3981 942 4077 negligentius
965 3995 1126 4076 egerunt,
1151 3978 1286 4048 iambici
