2684 4830
306 358 370 427 DE
396 356 660 429 TRAGOEDIA
687 359 746 427 ET
771 358 1024 431 COMOEDIA.
1112 384 1199 435 mu

130 512 243 560 versus
261 488 425 559 duntaxat
442 490 478 557 in
498 489 645 559 secundo
666 504 701 558 et
721 504 842 584 quarto
856 489 952 574 loco;
966 505 1078 561 tamen
1094 518 1114 563 a
1131 497 1199 565 Te-

130 597 236 667 rentio
249 597 433 667 vincuntur
441 594 642 666 resolutione
654 595 754 690 hujus
769 598 885 684 metri,
896 610 1058 692 quantum
1072 613 1198 694 potest,

133 695 326 773 comminuti
346 702 390 771 ad
407 703 585 797 imaginem
609 727 716 797 prosae
739 704 910 774 orationis.
926 706 1012 773 Tum
1034 729 1199 799 persona-

134 834 202 881 rum
213 807 305 904 leges
319 810 408 879 circa
420 808 572 879 habitum
583 859 593 894 ,
606 824 755 894 aetatem,
764 809 930 895 officium,
939 825 1050 905 partes
1062 812 1200 906 agendi,

131 941 228 987 nemo
260 913 451 1010 diligentius
481 916 637 985 Terentio
664 915 854 985 custodivit.
883 917 1076 1005 Quinetiam
1110 916 1200 989 solus

131 1047 229 1093 ausus
247 1036 317 1107 est,
335 1046 438 1116 quum
456 1023 492 1091 in
504 1021 592 1092 fictis
609 1023 814 1117 argumentis
831 1021 932 1092 fidem
947 1021 1101 1116 ,veritatis
1112 1048 1201 1095 asso·

131 1142 300 1223 queretur,
320 1131 420 1197 ctiam
440 1142 559 1198 contra
580 1129 775 1223 praescripta
791 1131 920 1198 comica
941 1131 1200 1200 meretricesin-

131 1235 264 1304 tardum
288 1260 357 1305 uon
375 1232 479 1305 malas
495 1235 726 1319 introducere3
745 1235 866 1330 quibus
883 1250 1013 1323 tamen,
1028 1262 1090 1307 cur
1102 1236 1200 1307 houae

131 1342 214 1426 sint,
225 1355 261 1410 et
268 1339 423 1436 voluptas
439 1342 619 1436 peripsum
635 1356 670 1411 et
687 1365 788 1411 causa
804 1366 873 1410 non
887 1341 980 1411 desit.
1000 1344 1081 1413 Haec
1095 1369 1200 1436 quum

132 1447 398 1517 artificiosissima
419 1449 594 1518 Terentius
621 1447 754 1535 fecerit,
769 1461 841 1516 tum
859 1446 941 1516 illud
962 1462 1013 1518 est
1035 1449 1200 1519 admiran-

132 1552 230 1639 dum,
250 1553 343 1648 quod
361 1567 396 1623 et
412 1578 543 1623 morem
566 1556 719 1638 retinuit,
732 1568 772 1622 ut
788 1553 996 1623 Comoediam
1016 1555 1198 1625 scriberet:

132 1656 371 1754 attemperavit
382 1659 559 1748 affectum,
573 1685 616 1729 ne
629 1661 664 1729 in
679 1659 889 1755 Tragoediam
904 1659 1093 1734 transiliret.
1099 1661 1201 1750 Quod

131 1788 206 1835 cnm
220 1764 292 1834 aliis
306 1766 406 1835 rebus
419 1768 554 1835 minime
568 1767 743 1835 obtentum
758 1781 791 1834 et
805 1790 826 1834 a
840 1765 980 1852 Plauto,
998 1782 1032 1836 et
1046 1767 1089 1835 ab
1106 1768 1201 1837 Afra·

131 1873 205 1956 uio,
220 1885 257 1941 et
274 1873 399 1956 Accio,
421 1886 456 1941 et
478 1870 591 1942 multis
609 1873 678 1942 lere
698 1873 827 1968 magnis
845 1874 980 1943 comicis
1001 1874 1199 1943 invenimus.

131 1976 218 2049 lllud
246 2002 380 2072 quoque
403 1979 491 2047 inter
518 1981 733 2048 Terentianas
756 1980 896 2049 virtutes
918 1978 1085 2064 mirabile,
1112 1980 1203 2073 quod

131 2083 199 2177 ejus
217 2083 340 2153 fabutae
356 2109 396 2152 eo
411 2098 489 2154 sunt
504 2099 785 2179 temperamento,
803 2099 841 2154 ut
854 2109 962 2178 neque
973 2099 1201 2156 extumescunt

131 2190 171 2258 ad
193 2191 355 2285 traigicam
376 2189 622 2278 celsitudinem,
640 2214 749 2283 neque
762 2190 962 2283 abjiciantur
976 2189 1019 2259 ad
1033 2194 1199 2261 mimicam

131 2295 303 2367 vilitatem.
320 2295 432 2382 Adde,
450 2295 541 2390 quod
556 2294 638 2365 nihil
656 2297 847 2365 abstrusum
861 2296 903 2364 ab
915 2321 958 2365 eo
974 2298 1121 2391 ponitur,
1142 2312 1201 2367 aut

130 2403 220 2496 quod
238 2402 283 2471 ab
302 2402 466 2471 historicis
489 2402 725 2496 requirendum
743 2404 807 2471 sit:
827 2401 917 2497 quod
933 2405 1052 2497 saepius
1065 2403 1202 2472 Plautus

130 2507 228 2593 facit,
245 2522 282 2577 et
302 2532 343 2577 eo
366 2522 416 2577 est
443 2507 616 2577 ohscurior
636 2510 671 2576 in
689 2508 842 2602 pluribus
860 2506 950 2576 locis.
977 2508 1089 2596 Adde,
1111 2510 1202 2604 quod

131 2615 319 2709 argumenti
335 2639 374 2682 ac
390 2613 463 2708 styli
479 2615 525 2683 ita
539 2628 663 2683 attente
675 2639 804 2683 memor
819 2628 885 2698 est,
900 2627 937 2683 ut
949 2638 1114 2709 nusquam
1133 2641 1202 2685 non

131 2722 274 2805 caverit,
296 2735 355 2789 aut
374 2719 568 2790 curaverit⁹
592 2745 645 2804 ea,
669 2744 743 2813 quae
767 2720 883 2789 obesse
903 2736 1105 2812 potuerunt:
1125 2736 1198 2791 tum

130 2827 220 2921 quod
235 2825 344 2895 media
358 2827 473 2921 primis
487 2841 587 2920 atque
602 2827 778 2921 postremis
790 2827 836 2895 ita
851 2828 986 2916 nexuit,
1001 2849 1040 2896 ut
1048 2828 1131 2899 nihil
1147 2830 1200 2897 ad·
1318 2850 1323 2861 ·

130 2932 235 3003 ditum
259 2932 373 3020 alteri,
391 2932 449 3002 sed
462 2946 579 3027 aptum
599 2956 641 3000 ex
653 2956 688 3001 se
709 2947 835 3016 totum,
849 2949 885 3001 et
901 2959 969 3003 uno
990 2958 1131 3029 corpore
1150 2936 1202 3003 -vi-

130 3039 248 3108 deatur
279 3062 349 3108 esse
371 3040 603 3133 compositum.
633 3039 720 3109 Illud
749 3063 881 3134 quoque
913 3038 1063 3108 mirabile
1096 3042 1131 3109 in
1161 3066 1202 3111 eo

130 3147 255 3238 primo,
276 3145 366 3239 quod
381 3171 450 3214 nou
464 3147 509 3213 ita
523 3147 639 3234 miscet
653 3169 813 3240 personas
830 3160 983 3239 quatuor,
999 3160 1037 3215 ut
1055 3146 1198 3216 obscura

129 3252 170 3320 sit
181 3242 306 3320 'aarum
326 3250 502 3320 distinctio.
518 3255 563 3320 Et
574 3253 654 3321 item
675 3251 765 3344 quod
783 3248 865 3318 nihil
880 3251 924 3319 nd
937 3252 1099 3346 populum
1117 3253 1198 3323 lacit

132 3371 295 3453 actorem,
313 3356 405 3426 velut
426 3382 467 3426 cx
488 3358 668 3452 tragoedia,
693 3356 812 3450 loqui:
837 3357 928 3451 quod
949 3360 1066 3428 vitium
1093 3358 1201 3431 Plauti

132 3461 437 3558 frequentissimum
464 3477 521 3532 est.
538 3462 627 3533 Illud
647 3464 745 3559 etiam
766 3465 853 3532 inter
874 3478 995 3534 caetera
1015 3466 1086 3558 ejus
1105 3463 1201 3535 laude

131 3567 269 3664 dignum
293 3569 435 3657 videtur,
451 3570 542 3664 quod
557 3568 774 3665 locupletiora
790 3584 986 3664 argumenta
1000 3596 1041 3640 ex
1057 3570 1200 3665 duplici·

133 3673 193 3744 bus
208 3677 350 3770 negotiis
371 3674 532 3771 delegerit
547 3676 591 3744 ad
605 3676 826 3747 scribendum.
851 3679 957 3763 Nam,
972 3691 1110 3771 excepta
1131 3681 1202 3746 He·

134 3804 227 3873 cyra„
245 3783 281 3851 in
299 3807 365 3877 qua
389 3783 486 3854 unius
506 3783 671 3878 Pamphili
696 3795 790 3852 amor
815 3797 882 3870 est,
902 3798 1029 3853 caeterae
1054 3785 1200 3877 quinque

174 4054 200 4102 9·
214 4028 380 4100 Non'carerit,
388 4047 431 4088 aut
444 4037 568 4088 curaverit.
578 4033 629 4087 Ms.
642 4034 764 4085 Damnosi
771 4043 814 4084 aut
820 4035 910 4085 caverit
914 4073 922 4098 ,
935 4035 1112 4085 ostentaverit.
1121 4031 1200 4087 Lind.

1127 4274 1300 4544 ‚A
