2684 4830
230 380 1303 413 mmmmfflmwbmmmmmmmmm

231 654 682 748 DISSERTATIO
735 658 912 750 NOVI
960 660 1299 757 EDITORIS

473 922 543 978 un
586 921 653 978 nn
696 922 1056 1000 qunsrionn:

233 1156 355 1227 «Num
387 1160 433 1225 sit
456 1177 537 1226 vere
562 1171 686 1226 auctor
719 1159 895 1226 Terentius
910 1156 1124 1248 fabularum
1156 1164 1301 1234 Terentii

538 1293 675 1359 nomt'ne
694 1291 959 1387 docrinarum?
971 1321 989 1356 »

667 1499 851 1524 ⁴——

226 1639 353 1756 lucen
376 1682 488 1750 omnia
503 1704 576 1775 quae
592 1679 634 1748 ad
655 1680 868 1750 deterendam
882 1684 1028 1753 Terentii
1048 1684 1198 1773 laudem,
1219 1688 1296 1761 dum

223 1790 368 1878 viveret,
387 1787 496 1857 aemuli
508 1801 542 1856 et
559 1787 799 1857 detrectatores
819 1791 1106 1885 excogitaverunt,
1117 1793 1199 1863 nihil
1215 1797 1295 1868 invi·

224 1894 348 1965 diosius
369 1893 511 1983 videtur,
530 1918 630 1988 quam
654 1894 744 1988 quod
768 1894 896 1965 fabulas
912 1900 1022 1966 Poeta
1041 1899 1142 1993 hujus
1163 1905 1295 1974 nomine

224 2002 400 2097 inscriptas
418 2002 521 2096 ipsius
536 2025 605 2069 non
626 2025 697 2070 esse
718 2003 789 2070 ausi
807 2004 873 2071 sint
888 2004 1101 2073 contendere.
1119 2006 1205 2095 Quae
1224 2012 1297 2104 qui-

224 2108 299 2177 dem
318 2107 549 2203 exprobratio,
575 2105 617 2174 ab
633 2106 824 2177 bominibus
844 2110 1000 2179 Terentio
1021 2110 1201 2206 aequalibus
1223 2118 1293 2210 pri-

223 2239 316 2284 mum
338 2214 517 2296 intentata,
539 2212 745 2306 temporibus
760 2216 881 2282 nostris
901 2216 1055 2303 invaluit,
1074 2221 1295 2312 quorumdam

221 2321 279 2416 qui
299 2322 334 2389 in
350 2344 386 2390 re
409 2319 568 2389 litteraria
587 2343 655 2386 non
676 2317 829 2388 ultimum
844 2318 955 2389 locum
971 2322 1162 2411 obtinuere,
1184 2344 1296 2399 aucto-

221 2429 319 2498 ritate
342 2426 539 2496 confirmata
561 2438 594 2493 et
616 2425 842 2494 corroborata.
862 2429 955 2496 lnter
972 2452 1056 2523 quos
1078 2434 1225 2503 occurrit
1244 2437 1296 2505 vir

222 2532 422 2605 clarissimus
439 2536 647 2626 Montutgne
663 2531 754 2625 apud
769 2557 868 2626 quem
877 2532 998 2628 legitur
1013 2562 1020 2603 :
1043 2567 1060 2602 (ι
1072 2539 1105 2606 Si
1122 2535 1169 2607 les
1187 2557 1294 2634 gestes

226 2671 243 2707 n
253 2641 294 2710 de
306 2640 497 2736 Xenophon
509 2653 543 2708 et
552 2637 593 2708 de
603 2640 706 2707 Cesar
715 2636 881 2709 n’eussent
892 2640 934 2708 de
944 2641 1021 2710 bien
1032 2642 1124 2738 loing
1141 2651 1296 2743 surpasse

225 2778 241 2814 n
251 2747 324 2818 leur
343 2746 540 2840 eloquence,
553 2745 587 2838 je
608 2770 651 2814 ne
670 2747 757 2816 crois
777 2771 836 2841 pas
855 2745 950 2841 qu’ils
969 2748 1015 2818 les
1033 2765 1166 2819 eussent
1176 2752 1294 2845 jamais

223 2884 241 2921 n
252 2855 390 2949 escripts
407 2879 414 2921 :
436 2851 474 2922 ils
489 2866 548 2921 ont
561 2853 705 2922 cherchi
722 2853 740 2920 i
755 2854 1015 2936 recommendet,
1033 2882 1102 2926 non
1116 2857 1188 2927 leur
1202 2861 1294 2951 dire,

224 2992 241 3027 n
253 2963 335 3030 mais
348 2959 421 3029 leur
436 2958 525 3028 faire.
543 2958 626 3027 Etsi
640 2957 671 3026 la
685 2959 869 3053 perfectiori
883 2959 928 3030 du
944 2962 1020 3030 bien
1035 2962 1145 3058 parler
1155 2971 1295 3060 pouvait

223 3100 240 3134 n
252 3082 411 3163 apportet
420 3064 562 3161 quelque
577 3063 680 3159 gloire
692 3065 836 3135 s01·table
851 3065 870 3135 *a
884 3091 930 3135 un
946 3068 1051 3163 grand
1064 3096 1293 3171 personnage,

221 3207 238 3242 n
251 3177 488 3244 certainement
496 3172 628 3267 Scipion
639 3185 673 3239 et
681 3170 971 3243 Laeliusn'eussent
980 3198 1039 3270 pas
1049 3177 1178 3272 resigne'
1189 3179 1293 3252 l’hon·

222 3312 240 3348 ι(
251 3307 336 3351 neur
351 3281 393 3350 de
413 3279 501 3349 leurs
517 3277 700 3365 comedies,
712 3292 745 3346 et
762 3292 871 3349 tontes
888 3279 935 3349 les
953 3283 1170 3377 mignardises
1185 3301 1220 3356 et
1234 3287 1292 3359 de·

223 3420 240 3456 «
252 3387 331 3457 lices
352 3386 396 3456 du
415 3385 555 3481 langage
572 3382 674 3471 latin,
691 3385 710 3452 ὲ
730 3410 777 3453 un
797 3388 869 3456 serf
883 3387 1022 3456 africain
1038 3415 1046 3456 :
1065 3414 1133 3479 car,
1155 3416 1219 3486 que
1238 3411 1293 3466 cet

220 3526 238 3561 n
249 3519 396 3588 ouvrage
410 3495 473 3562 soit
484 3490 567 3577 leur,
578 3515 613 3560 sa
628 3490 747 3561 beaute
761 3506 793 3561 et
805 3518 865 3562 son
877 3493 1062 3566 excellence
1075 3497 1105 3565 le
1117 3501 1293 3572 maintient

222 3627 356 3686 «assez,
371 3614 404 3668 et
424 3599 572 3667 Terence
595 3596 746 3667 l'advoue
767 3597 823 3693 luy
844 3626 984 3689 mesme3
1007 3617 1040 3671 et
1059 3629 1113 3672 me
1135 3604 1291 3678 feroit-on

220 3737 238 3772 n
251 3689 421 3801 desplaisir
437 3705 478 3773 de
494 3729 548 3772 me
569 3702 721 3798 desloger
737 3704 778 3773 de
797 3720 883 3775 cette
905 3707 1071 3776 creance¹.
1084 3740 1101 3774 >2

270 3812 453 3883 Fatendum
470 3810 672 3905 quidemest
686 3836 763 3881 cum
777 3813 939 3907 scriptore
954 3839 1055 3909 supra
1070 3817 1172 3886 citato
1188 3817 1290 3916 longe

257 4022 774 4095 earundettonuigne,v01.11‚1iv.
787 4041 816 4088 1,
827 4023 906 4095 cbnp.
918 4022 963 4093 39.
974 4025 1061 4118 Raris,
1075 4029 1278 4097 1818,LeJivm.
