2684 4830
549 286 793 421 PE'RLETI.
1160 379 1209 426 xv

138 485 331 557 humanitati
350 483 602 580 Langeri'ultro
626 485 708 555 mihi
734 480 995 579 superaddentis.
1017 483 1077 555 llle
1092 502 1205 558 autem

137 591 214 663 liber
230 607 281 662 est
303 590 455 661 collectio
473 590 676 660 scholiorum
697 593 731 661 in
746 590 828 662 alios
846 615 994 685 quoquc,
1013 605 1134 685 praeter
1146 597 1204 664 Te

137 702 293 786 rentium,
303 712 465 767 auctores.
476 698 561 785 Quae
576 697 712 793 quidem
729 696 854 767 scholia
867 696 961 783 inde,
973 712 1133 791 quantum
1146 726 1206 795 per

135 804 365 875 difficultatem
394 807 567 899 scripturae
588 803 723 889 liceret,
745 805 779 872 in
805 802 1076 874 commoditatem
1097 830 1205 874 meam
1297 838 1300 843 ·

133 912 303 1005 desumpsi
324 925 357 979 et
378 911 527 993 adhibui,
543 910 735 1005 hujusmodi
760 924 856 997 sunt,
877 923 935 996 ut,
953 912 1081 979 etiamsi
1099 911 1205 981 multo

130 1019 255 1088 sudore
270 1016 474 1086 enucleanda
494 1032 619 1105 essent,
637 1042 747 1112 operae
764 1031 876 1086 tamen
892 1017 1049 1110 impensae
1069 1019 1205 1088 minime

129 1126 321 1219 poeniteret.

185 1235 332 1300 Tantum
342 1229 383 1298 de
393 1229 574 1315 codicibus,
582 1255 665 1324 quos
675 1230 746 1324 ipse
757 1230 791 1297 in
803 1242 961 1324 promptu
974 1229 1076 1297 habui
1086 1229 1195 1298 adeun

132 1337 204 1407 dos.
220 1340 275 1405 Ex
293 1337 346 1405 his
365 1360 446 1404 vero
467 1339 666 1431 comparatis
688 1349 848 1430 quantum
866 1335 994 1404 fructus
1011 1337 1045 1403 in
1059 1336 1204 1407 studium

133 1445 281 1512 Terentii
299 1440 509 1512 evehendum
529 1444 741 1538 provenerit,
758 1441 791 1509 id
807 1466 905 1535 spero
922 1441 964 1509 ab
973 1439 1043 1510 aliis
1053 1465 1205 1537 quoque,

134 1565 256 1644 praeter
277 1575 351 1634 me,
373 1550 556 1643 gratissime
577 1549 617 1618 iri
636 1548 913 1618 animadversum.

188 1655 292 1744 Quod
311 1657 618 1749 interpretationem
637 1656 771 1740 attinet,
787 1655 1028 1723 commentario
1043 1669 1205 1749 perpetuo

135 1762 264 1831 confeci
284 1786 380 1850 eam,
398 1785 465 1856 qua
475 1788 543 1830 non
556 1761 663 1831 solum
675 1761 728 1830 his
741 1760 952 1846 hominibus,
969 1761 1025 1854 qui
1038 1759 1127 1855 plus,
1147 1762 1206 1832 sed

136 1870 236 1936 etiam
255 1866 335 1952 illis,
354 1870 412 1962 qui
428 1869 537 1937 minus
562 1867 804 1953 desiderarent,
825 1864 1013 1935 consultum
1041 1881 1203 1961 putarem.

135 1977 223 2044 Nam
243 1975 270 2043 si
288 1974 369 2068 quid
391 1975 474 2043 scire
488 2000 572 2068 opus
588 1987 688 2057 esset,
706 1972 870 2069 malebam
888 1972 959 2066 ejus
973 1973 1021 2041 rei
1036 1972 1205 2067 explicatae

136 2079 373 2149 abundantiam
390 2080 521 2169 adesse,
540 2105 640 2176 quam
649 2081 833 2175 penuriam.
845 2077 917 2148 Nec
933 2093 1026 2166 sunt,
1040 2082 1097 2174 qui
1108 2080 1205 2150 nobis

138 2187 376 2255 adhiberentur
401 2186 465 2256 loci
486 2188 667 2271 innumeri,
688 2212 771 2281 quos
802 2184 976 2280 parallelos
998 2185 1129 2263 dicunt,
1157 2212 1206 2256 os·

137 2294 329 2362 tentationis
347 2317 446 2363 causa
465 2293 574 2363 adlati.
595 2297 684 2366 Nam
710 2293 786 2362 inde
813 2293 962 2386 sequitur
983 2292 1080 2386 plane
1105 2291 1203 2361 aliud.

137 2401 249 2468 Primo
268 2402 357 2468 enim
383 2402 440 2494 qui
461 2388 606 2469 Terentii
631 2401 698 2469 sint
719 2401 822 2494 ipsius
844 2397 965 2468 similes
988 2397 1204 2487 accumulati,

137 2505 314 2575 ostendent
326 2507 419 2593 satis,
437 2531 537 2600 quam
554 2521 644 2575 recte
663 2530 701 2574 ac
722 2506 807 2574 bene
824 2507 926 2572 Poeta
944 2504 1004 2572 sibi
1023 2506 1091 2598 ipse
1112 2529 1204 2573 com·

137 2614 246 2705 parari
269 2610 373 2681 soleat
396 2637 435 2682 ac
457 2614 652 2708 recognosci
677 2637 717 2682 ex
738 2612 945 2704 semetipso.
968 2611 1036 2698 Qui
1062 2635 1206 2706 namque

139 2715 193 2785 tali
214 2718 324 2787 modov
344 2714 555 2814 comparatus
577 2719 651 2804 fiet,
674 2732 712 2787 ut
737 2715 889 2811 equidem
917 2717 1049 2811 opinor,
1078 2717 1207 2787 facilior

138 2825 232 2893 nobis
251 2824 294 2893 ad
311 2825 419 2917 ipsum
433 2824 694 2920 intelligendum.
707 2827 749 2891 In
766 2848 833 2918 quo
853 2838 942 2893 certe
958 2824 1107 2893 consistit
1125 2824 1207 2894 illud

138 2930 346 3000 Wakefieldii
363 2931 452 3026 apud
472 2933 647 3001 Britannos
664 2931 859 3026 primarium
881 2944 1083 3024 praeceptum
1111 2931 1208 3000 inter

138 3038 311 3130 pretandi,
332 3053 370 3107 ut
389 3053 559 3108 auctorem
583 3061 782 3132 quemquam
801 3061 1042 3130 cognoscamus
1064 3039 1207 3107 maxime

140 3168 178 3211 ex
199 3149 401 3237 semetipso.
423 3145 554 3214 Deinde
576 3147 603 3214 si
621 3169 693 3238 quae
715 3143 804 3212 dicta
822 3141 938 3211 similia
955 3167 997 3211 ex
1017 3141 1088 3211 aliis
1105 3145 1207 3238 scrip·

140 3250 287 3335 toribus,
310 3265 347 3320 ut
368 3253 526 3340 Horatio,
544 3250 703 3344 Virgilio,
726 3249 868 3335 Ovidio,
889 3251 1053 3318 Cicerone
1074 3264 1136 3318 etc.
1162 3250 1206 3319 af·

141 3356 294 3425 ferantur
307 3360 426 3452 petita,
453 3383 522 3426 non
546 3357 726 3427 obscurum
753 3357 832 3444 erit,
851 3356 1013 3425 Nostrum
1037 3358 1206 3426 communi

143 3486 248 3532 aureae
258 3466 361 3533 aetatis
372 3467 420 3533 uti
433 3489 594 3534 sermone.
608 3464 829 3534 Distinctione
848 3462 1025 3530 verborum
1040 3486 1119 3531 usus
1131 3487 1205 3533 sum

145 3593 197 3654 ea,
210 3595 278 3664 qua
295 3571 351 3639 hic
370 3562 435 3639 illic
447 3596 560 3640 sensus
575 3569 841 3641 commodissime
855 3570 1080 3638 extricaret'ur.
1098 3571 1206 3638 Enim·

146 3697 222 3744 vero
240 3700 326 3770 saepe
343 3676 396 3761 lit,
412 3693 451 3746 ut
467 3676 565 3747 lectio
578 3677 709 3770 aliqua,
726 3702 793 3770 quo
813 3676 935 3745 rectius
955 3677 1206 3770 accuratiusque

149 3779 374 3879 distinguatur,
396 3809 436 3852 eo
458 3784 583 3853 firmius
602 3808 641 3853 ac
662 3785 784 3852 certius
805 3784 910 3878 possit
927 3779 1072 3850 stabiliri.
1096 3779 1137 3850 In
1157 3807 1207 3850 or·

152 3888 352 3986 thographia,
360 3890 475 3979 fateor,
488 3891 590 3962 facilis
602 3891 660 3975 fui,
670 3914 774 3985 quum
783 3904 956 3984 tantopere
967 3912 1041 3957 eam
1052 3889 1086 3955 in
1093 3891 1206 3957 Msstis

154 4007 182 4061 et
205 3997 409 4068 Editionibus
433 4000 561 4068 variare
592 3997 907 4071 animadvertissem.
933 3996 1051 4089 Neque
1077 3993 1222 4088 semper·
