2684 4830
214 361 321 408 nvn.
397 337 460 405 nn
486 306 747 405 'ralcmcn
773 336 830 402 ar
857 336 1105 407 conmori.

214 471 292 539 dam
317 466 455 559 fabulae,
477 469 511 537 in
535 492 603 562 quo
630 466 701 536 solo
733 465 857 536 scilicet
884 482 1004 562 praeter
1028 484 1283 565 argumentum,

215 576 338 670 aliquid
363 566 407 645 ad
426 572 589 671 populum
607 572 660 641 vel
683 598 722 644 ex
748 587 863 668 poeta,
885 574 938 643 vel
959 599 1000 644 ex
1022 577 1125 670 ipsius
1148 576 1284 667 fabule,

214 682 267 750 vel
275 683 396 752 actoris
412 679 589 750 commodo
605 677 761 772 loquitur.
777 678 969 775 Prologium
979 695 1092 750 autem
1106 687 1283 778 est,quum

214 803 344 859 tantum
369 786 411 854 de
435 799 632 881 argumento
650 785 780 855 dicitur.
806 788 950 857 Protasis
973 801 1023 856 est
1045 789 1173 882 primus
1191 805 1283 861 actus

216 896 413 987 initiumque
432 891 606 980 dramatis,
617 917 684 986 quo
699 916 776 987 pars
791 895 979 989 argumenti
997 892 1195 989 explicatur,
1207 921 1283 992 pars

216 1002 374 1070 reticetur
387 997 428 1067 ad
447 996 563 1094 populi
576 1000 853 1092 exspectationem
873 999 1060 1068 tenendam.
1077 1001 1222 1094 Epitasis
1236 1018 1284 1072 est

215 1108 457 1174 incrementum
487 1129 726 1200 processusque
755 1105 945 1192 turbarum,
967 1129 1006 1175 ac
1036 1107 1153 1194 totius,
1180 1122 1219 1177 ut
1238 1111 1283 1179 ita

216 1211 372 1294 dixerim,
392 1210 500 1280 nodus
518 1211 651 1280 erroris.
674 1211 895 1306 Catastrophe
918 1227 967 1281 est
985 1214 1157 1282 conversio
1171 1239 1283 1297 rerum

217 1317 260 1385 ad
273 1316 438 1412 jucundos
454 1318 575 1401 exitus,
584 1315 748 1411 patefacta
761 1319 890 1387 cunctis
901 1318 1089 1412 cognitione
1102 1333 1282 1414 gestorum.

216 1426 258 1491 In
280 1421 445 1518 plerisque
467 1422 585 1492 fabulis
605 1422 752 1516 ipsarum
776 1424 911 1493 uomina
932 1425 1045 1519 priora
1062 1425 1284 1519 ponebantur,

216 1553 317 1623 quam
330 1543 504 1624 poetarum
517 1554 525 1596 ε
538 1531 572 1598 in
587 1528 754 1598 nonnullis
769 1544 962 1624 poetarum,
972 1555 1070 1624 quam
1084 1531 1282 1602 fabularum.

216 1635 321 1728 Cujus
344 1637 446 1705 moris
465 1634 687 1703 diversitatem
706 1637 887 1729 antiquitas
901 1636 1040 1730 probat:
1063 1660 1158 1726 nam,
1181 1664 1283 1734 quum

217 1744 362 1836 primum
384 1739 484 1835 aliqui
500 1737 627 1809 fabulas
645 1740 797 1829 ederent,
817 1743 963 1835 ipsarum
982 1744 1117 1812 nomina
1136 1769 1284 1839 pronum

217 1848 385 1916 tiabantur
404 1862 499 1930 ante,
519 1871 620 1941 quarn
639 1861 746 1941 poetae
772 1850 1085 1942 pronuntiarentur,
1108 1874 1152 1918 ne
1175 1850 1285 1946 aliqua

218 1953 342 2021 invidia
360 1979 378 2021 a
400 1953 575 2022 scribendo
602 1951 761 2022 deterreri
785 1969 930 2048 possent.
952 1956 1065 2043 Quum
1087 1970 1200 2026 autern
1225 1983 1285 2052 per

217 2060 394 2128 editionem
411 2058 591 2127 multarum
612 2048 719 2153 poetae
732 2058 803 2152 jam
818 2074 904 2128 esset
917 2062 1096 2131 auctoritas
1114 2065 1285 2157 acquisita,

218 2191 332 2235 rursus
358 2167 470 2260 priora
493 2159 667 2259 poetarum
691 2167 825 2234 nomina
853 2166 1132 2261 proferebantur,
1160 2184 1206 2262 ut,
1225 2192 1286 2265 per

218 2274 366 2366 ipsorum
383 2270 547 2341 vocabula
565 2269 683 2339 fabulis
700 2273 839 2341 attentio
854 2276 1090 2367 acquireretur.

213 2430 217 2437 ,
270 2381 370 2448 Actas
385 2379 522 2446 diversis
540 2375 625 2446 ludis
640 2377 852 2448 manifestum
867 2394 917 2448 est
933 2379 1076 2448 inscribi.
1088 2380 1178 2450 Nam
1190 2378 1287 2451 ludo·

218 2511 293 2554 rum
317 2499 461 2580 quatuor
487 2497 565 2552 sunt
589 2484 731 2577 species,
749 2510 832 2579 quos
853 2483 985 2554 curules
1010 2483 1119 2555 aediles
1148 2508 1287 2557 munere

219 2589 353 2686 publico
362 2605 481 2661 curant
491 2589 716 2684 :Megalenses
726 2644 736 2677 ‚
747 2592 876 2686 magnis
891 2593 966 2660 Diis
981 2593 1186 2678 consecrati,
1203 2620 1287 2690 quos

220 2698 330 2766 Graeci
348 2698 561 2790 Μεγαλησίους
578 2695 747 2791 appellant
761 2696 784 2736 ¹⁷
799 2723 806 2764 :
827 2697 1004 2786 Funebres,
1017 2697 1060 2766 ad
1075 2700 1288 2770 retinendum

219 2800 381 2896 populum
399 2803 555 2885 instituti,
574 2803 653 2870 dum
669 2828 793 2898 pompa
807 2802 916 2872 funeri
930 2802 1062 2873 decreta
1077 2805 1288 2876 inhonorem

218 2909 348 3003 patricii
360 2908 424 2974 viri
437 2906 534 3002 plene
552 2908 744 2977 instruitur:
759 2908 898 2996 Plebeii,
912 2911 969 3003 qui
983 2935 1045 3004 pro
1064 2908 1168 2980 salute
1181 2910 1289 3007 plebis

219 3011 386 3083 eduntur:
401 3011 628 3107 Apollinares,
647 3012 791 3106 Apollini
816 3017 1008 3084 consecrati.
1029 3019 1070 3084 In
1088 3042 1187 3086 scena
1212 3002 1290 3090 duae

219 3145 284 3189 arae
306 3120 386 3214 poni
409 3118 576 3206 solebant,
594 3119 710 3187 dextra
731 3120 859 3206 Liberi,
885 3121 1014 3189 sinistra
1037 3123 1108 3215 ejus
1132 3125 1290 3213 Dei,‚cui

218 3225 288 3295 ludi
307 3226 452 3295 fiebant:
473 3226 561 3293 unde
580 3226 754 3294 Terentius
768 3227 803 3294 in
820 3226 945 3295 Andria
960 3229 1022 3314 ait,
1046 3257 1062 3293 a
1081 3231 1131 3299 Ex
1147 3253 1206 3299 ara
1222 3231 1289 3303 hac

220 3358 314 3401 sume
329 3333 500 3401 verbenas.
515 3348 532 3384 »

272 3441 360 3507 Hinc
381 3437 535 3531 Ulyssem
558 3435 731 3532 palliatum
755 3464 888 3534 semper
913 3438 1091 3510 inducunt:
1108 3442 1176 3511 sive
1187 3443 1291 3538 quod

218 3538 395 3638 aliquando
420 3544 582 3612 insaniam
611 3542 804 3614 simulavit:
825 3570 891 3640 quo
920 3560 1071 3641 tempore
1097 3534 1224 3618 tectum
1255 3575 1292 3621 se

262 3768 307 3820 17·
327 3751 499 3821 Μεγαλησίους
517 3751 647 3821 appellant.
664 3751 728 3805 Mas.
773 3749 822 3805 dos
833 3770 932 3805 nomen
939 3751 1071 3806 invenisse
1082 3755 1131 3807 ἀπὸ
1146 3762 1194 3808 τῶν
1207 3759 1292 3830 ptysi·

218 3830 450 3903 MeuOyotoyc.
458 3822 575 3883 Videtur
585 3830 728 3901 legendum
771 3839 819 3883 λων
830 3830 891 3885 Σιὼν
902 3832 970 3886 :hoc
981 3845 1028 3897 est,
1040 3831 1087 3886 Dis
1096 3834 1209 3904 Magnis.
1218 3837 1292 3894 Nam

218 3903 295 3976 (utet
303 3909 330 3961 in
336 3910 416 3980 Pyth.
427 3910 473 3962 lib.
483 3909 652 3963 emendatum
661 3901 728 3980 erati
773 3912 905 3977 Doribus,
916 3925 946 3964 ut
960 3925 987 3965 et
1002 3913 1077 3965 Plato
1093 3924 1119 3965 et
1133 3915 1293 3973 Aristoteles

218 3991 347 4060 nqueo,
359 3989 439 4051 Σιούς.
448 3986 515 4044 Vult
522 3985 683 4062 Megalenses
691 3991 729 4044 lu·
773 3993 978 4060 testantur,21lc
990 4004 1028 4046 est
1041 3995 1122 4045 Deus.
1131 3993 1170 4047 Id.
