2684 4830
285 350 356 455 ns
382 388 754 459 alerannum
781 388 1041 459 rmnorr.
1093 430 1096 435 ,
1151 413 1202 459 vn

140 617 231 708 quae
244 616 343 675 non
361 583 603 677 infeliciter
621 606 667 679 et
680 589 946 679 inversione
966 588 1204 715 ingenium

138 743 357 856 auctoris,
392 763 439 832 et
464 744 514 831 in
546 745 668 832 notis
704 776 785 833 seu
816 745 966 834 varios
994 763 1205 839 veterum

134 901 469 1021 repraesentavit
487 933 618 1016 usuS,
643 932 724 991 seu
742 900 909 1028 linguae
929 902 1100 993 Latinae
1123 898 1208 990 dif-

132 1058 274 1149 ficiles
292 1059 439 1151 nodos
459 1062 727 1152 enucleavit.

193 1222 474 1310 Nostrorum
498 1219 804 1311 subsidiorum
830 1222 1009 1341 copiam
1033 1220 1204 1311 claudit

130 1377 277 1467 altera
296 1379 442 1468 versio
459 1378 639 1506 gallica,
658 1411 802 1469 manu
815 1399 1000 1469 tantum
1016 1382 1202 1503 scripta,
1225 1490 1229 1498 ¹

129 1571 218 1627 ner
237 1538 287 1626 in
300 1537 452 1627 lucem
465 1538 693 1667 evulgata,
711 1572 853 1663 quam
868 1538 1110 1629 nobiscum
1124 1537 1208 1626 hu-

130 1698 396 1786 manissime
415 1700 772 1788 communicavit
793 1731 914 1788 unus
940 1730 994 1786 ex
1013 1695 1207 1820 quadra·

136 1855 264 1980 ginta
276 1854 727 1958 AcademiaeGallicae
736 1858 862 1971 viris,
875 1860 1034 1947 Petrus
1049 1859 1203 1973 Diuus:
1229 1944 1231 1948 ,

138 2016 217 2137 qui
242 2017 479 2107 Venusino
505 2020 598 2106 vati
622 2048 718 2107 non
744 2018 809 2108 ita
834 2017 1025 2106 omnino
1057 2048 1103 2105 se
1132 2014 1209 2105 ad·

138 2170 269 2288 dixit,
288 2193 342 2262 ut
361 2206 457 2263 non
472 2174 645 2299 aliquid
662 2176 975 2297 pretiosissimi
989 2175 1210 2296 temporis

139 2329 355 2422 Africano
397 2336 576 2423 cornico
608 2332 805 2423 voluerit
840 2331 1116 2455 impendere.
1151 2335 1209 2420 Et

140 2487 328 2612 quidem
346 2487 479 2580 nobis
496 2489 700 2579 multum
712 2488 887 2612 profuit
903 2488 999 2602 illc,
1023 2508 1075 2578 ut
1099 2521 1211 2611 prae·
1265 2610 1269 2615 ι

140 2645 290 2737 dicare
308 2647 432 2763 lieet,
454 2648 714 2762 thesaurus,
733 2656 836 2737 tum
855 2638 1045 2770 propter
1066 2647 1213 2738 multa

141 2809 340 2899 auctoris
379 2809 519 2930 ipsius
557 2806 659 2897 loca
695 2809 916 2933 sagaciter
950 2802 1210 2929 explanata,

139 2985 241 3055 tum
260 2986 451 3089 propter
480 2964 844 3056 dissertationem
874 2997 974 3088 quae
1000 2963 1212 3084 adjicitur

139 3121 196 3213 de
208 3156 319 3215 vero
336 3143 523 3212 auctore
536 3110 799 3212 fabularum
806 3122 1012 3210 Terentii
1025 3123 1213 3210 nomine

139 3283 490 3411 inscriptorum,
517 3313 675 3409 quam,
707 3300 760 3369 ut
790 3280 1064 3402 poterimus,
1094 3311 1214 3404 quae·

140 3440 340 3528 stionem
357 3437 478 3528 infra
500 3471 657 3527 sumus
677 3437 1078 3564 aggressuri.(Pag..
1097 3437 1212 3557 xxx).

140 3600 358 3722 Ignoscat
379 3616 534 3686 autem
558 3596 626 3684 vir
643 3593 998 3709 iHustrissimus,
1014 3595 1051 3682 si
1073 3594 1217 3683 vitam

141 3752 348 3843 candidis
370 3752 598 3866 moribus,
622 3752 807 3878 ingenio
825 3750 1059 3873 praestanti
1081 3770 1127 3840 et
1152 3749 1218 3838 di·

142 3909 396 4036 gnitatibus
421 3908 709 4032 amplissimis
732 3906 937 4003 nobilem
962 3905 1218 3997 describere

1024 4075 1060 4144 a‘l
