2684 4830
127 415 150 458 x
308 387 1033 461 ruurmrorovruurroms.
1157 355 1162 360 ’

133 587 194 679 ba
216 621 301 681 nos
326 588 646 681 abstraxerunt
672 590 730 681 ab
753 593 840 680 ista
858 609 1118 679 metrorum
1137 590 1204 676 in-

133 743 397 874 dagatione,
418 744 474 836 de
493 780 586 874 qua
609 768 782 863 tamen,
806 780 864 836 ue
883 747 1045 835 iuram
1066 744 1204 835 dubie

136 903 306 1028 agitata
329 904 517 993 materie
536 906 728 996 omnino
744 904 991 1018 sileremus
1012 902 1204 1022 subjeci·

134 1093 238 1149 mus
261 1061 584 1164 tantummodo
602 1065 779 1152 Erasmi
795 1082 842 1152 et
865 1062 1030 1152 Perleti
1047 1061 1207 1151 disser-

135 1221 344 1311 tationes,
371 1223 583 1336 Quorum
611 1223 751 1345 prior,
775 1223 1113 1312 renascentium
1131 1220 1207 1309 lit·

133 1395 337 1466 terarum
349 1380 477 1504 ignes
489 1378 659 1501 sopitos
671 1377 783 1468 dum
794 1381 1085 1470 exsuscitaret
1099 1399 1209 1467 tem-

138 1536 327 1660 poribus
360 1537 510 1628 adhue
542 1538 772 1654 barbaris,
798 1541 929 1665 quasi
957 1537 1208 1629 conditoris

140 1715 187 1785 et
207 1700 424 1787 creatoris
444 1699 763 1788 auctoritatem
781 1697 951 1788 habere
972 1694 1125 1811 debet3
1143 1697 1208 1785 ai—
1252 1748 1254 1752 .

139 1875 210 1945 ter
236 1858 480 1947 novissime
502 1861 710 1974 veniens,
735 1880 781 1949 et
803 1859 1054 1982 praesertim
1075 1861 1212 1945 Bent-

140 2011 215 2101 leii
247 2045 386 2136 opera
419 2012 581 2132 fretus,
605 2009 900 2140 repraesentat
932 2015 1127 2104 fideliter
1154 2011 1212 2103 ad

22 2176 28 2188 ’
140 2203 279 2294 quem
302 2171 495 2300 gradum
529 2176 653 2266 hisee
671 2175 904 2266 hodiernis
926 2171 1212 2296 temporibus

141 2359 195 2418 ea
212 2332 481 2450 processerit
502 2331 750 2422 condendae
769 2332 1112 2422 versificationis
1134 2362 1214 2418 no·

144 2487 260 2601 titia3
277 2506 323 2576 et
338 2487 404 2577 ita
417 2492 653 2612 potuimus
671 2492 882 2583 omittere
898 2492 1100 2614 reliquos
1117 2521 1214 2577 om·

142 2680 224 2738 nes
243 2650 322 2772 qui
340 2650 635 2770 reperiuntur
649 2647 705 2737 de
721 2649 880 2738 metris
899 2648 1181 2736 disserentes,

204 2811 270 2897 Ea
294 2827 422 2921 sunt,
446 2806 592 2897 lector
608 2806 847 2922 benevole,
868 2838 968 2933 ‹suae
993 2826 1039 2894 te
1060 2803 1216 2894 admo·

145 2962 298 3052 nitum
315 2962 544 3052 voluimus
563 2959 618 3050 de
632 2962 768 3052 variis
784 2962 960 3049 auxiliis
979 2992 1079 3083 quae
1097 2960 1217 3048 eirea

143 3152 228 3211 nos
252 3123 498 3246 coegimus.
519 3122 748 3209 Restatvut
765 3112 981 3209 decernas
1001 3150 1142 3243 quam
1165 3115 1219 3206 se·

144 3278 292 3369 liciter
307 3276 529 3367 fuerimus
548 3276 634 3366 hae
653 3297 781 3367 tanta
798 3275 1007 3367 ubertate
1025 3276 1119 3388 usi3
1141 3272 1219 3363 sed

43 3517 50 3530 .
146 3437 311 3526 saltem
330 3467 511 3557 sperare
533 3434 668 3524 liceat
691 3432 788 3524 fore
810 3455 886 3549 ut,
906 3436 943 3523 si
966 3430 1221 3556 perfectam

97 3582 100 3589 ¹
150 3595 343 3683 omnino
373 3612 521 3681 artem
551 3592 626 3681 hie
648 3595 875 3717 requiras,
905 3592 1137 3719 egregiam
1158 3610 1223 3679 ta·

45 3727 53 3743 ⁹
150 3782 260 3840 men
283 3772 408 3841 reete
429 3748 624 3840 faciendi
641 3750 931 3843 voluntatem
948 3751 1060 3840 velis
1087 3780 1224 3871 agno-

150 3943 288 4001 scere.
350 3895 617 4000 scribebam
670 3914 858 4014 Lutetiae
912 3910 1221 4020 Parisiorum,

149 4071 307 4160 Mense
331 4070 524 4200 Martio,
554 4069 684 4189 1827.
955 4071 1009 4159 N.
1032 4069 1082 4156 E.
1108 4067 1159 4154 L.
