2684 4830
219 348 328 405 xxxiv
563 328 929 400 DlSSERTATIO

216 467 341 564 ingenii
353 465 464 559 specie
478 477 648 544 constant,
670 463 713 531 ab
735 462 853 531 eodem
878 475 1015 532 auctore
1036 463 1188 558 prolecto
1207 467 1288 535 scri·

217 589 291 670 ptas
308 570 417 641 fuisse.
437 572 523 658 Quae
539 594 644 664 quum
660 571 707 637 ita
727 570 806 656 sint,
821 593 861 637 cx
879 570 1048 663 Scipione,
1061 568 1176 655 Laelio,-
1187 574 1288 641 Furio

217 679 348 758 Publio,
376 674 523 770 Sulpicio
544 673 664 758 Gallo,
683 676 725 765 Q.
754 676 856 744 Fabio
879 675 1056 764 Labeone,
1078 679 1196 746 Marco
1219 682 1293 749 Pe.

214 785 311 882 pilio,
329 798 413 867 etc,
431 799 518 850 unus
540 795 669 851 tantum
687 795 739 851 est
759 779 929 876 eligendus
953 783 1011 877 qui
1030 783 1232 854 inventionis
1255 798 1289 854 et

215 891 289 987 styli
307 882 439 959 laudem
461 886 550 956 solus
568 887 630 956 sibi
648 887 779 956 habeat.

268 995 370 1086 Quod
392 995 419 1064 si
438 1012 500 1089 pro
514 992 700 1062 indubitato
715 1007 818 1063 staret
832 1017 901 1062 non
916 1018 988 1063 esse
1001 997 1194 1065 Terentium
1210 1021 1288 1065 vere

216 1117 387 1173 auctorem
405 1098 607 1182 fabularum,
624 1122 729 1194 parva
746 1114 832 1169 esset
850 1100 1013 1169 haesitatio
1035 1101 1229 1171 indicaturis
1247 1102 1289 1171 ad

216 1232 313 1304 quem
330 1207 401 1301 ejus
419 1207 528 1301 operis
544 1205 617 1275 laus
630 1207 813 1300 pertineat;
826 1231 889 1275 nec
902 1204 1014 1301 plures
1029 1207 1125 1277 simul
1140 1211 1290 1278 nomina·

216 1329 342 1385 rentur.
367 1314 503 1407 Quippe
525 1336 628 1407 quum
652 1313 770 1381 Furius
778 1346 792 1395 ,*
814 1311 948 1399 Gallus,
968 1313 1100 1398 Fabius,
1124 1314 1290 1409 Popilius,

216 1438 371 1516 magnam
393 1419 448 1488 hic
469 1418 511 1486 dc
534 1431 746 1488 semoveant
767 1419 1008 1512 suspicionem,
1025 1421 1060 1488 in
1081 1422 1237 1516 Scipione
1257 1436 1292 1491 et

218 1527 320 1597 Laelio
341 1524 587 1595 immorandum
609 1537 670 1593 est.
694 1524 849 1613 Quorum
872 1525 1017 1619 priorem
1037 1551 1107 1594 non
1125 1541 1292 1596 memorat

218 1632 416 1703 Plutarchus
427 1632 528 1700 finisse
543 1629 840 1725 litteratum,quod
853 1629 948 1700 malae
957 1633 995 1700 in
1009 1633 1124 1726 primis
1133 1648 1289 1703 estnotae.

217 1739 380 1834 Equidem
408 1736 607 1806 confitemur
627 1761 703 1805 eum
728 1735 907 1806 liberaliter
928 1740 1064 1807 omnino
1088 1740 1188 1809 baisse
1208 1739 1293 1810 edu·

218 1859 330 1914 catum
341 1844 350 1868 ²
362 1870 372 1932 ;
384 1843 442 1912 sed
462 1844 532 1936 ejus
549 1857 644 1937 pater
662 1843 775 1936 Scipio
795 1868 932 1937 parum,
945 1846 1080 1938 opinor,
1091 1847 1237 1935 curavit,
1254 1862 1293 1915 ut

218 1950 360 2046 aliquem
373 1951 459 2019 inter
479 1949 656 2043 scriptores
669 1942 784 2018 locum¹
797 1948 884 2018 filius
900 1964 1043 2031 teneret,
1063 1977 1162 2047 quem
1178 1976 1293 2022 secum

220 2082 351 2152 semper
365 2057 398 2125 in
415 2057 530 2135 castris
547 2055 674 2123 habuit.
689 2057 870 2138 Praeterea,
887 2080 988 2150 quum
1004 2058 1198 2128 Paterculus
1212 2058 1293 2129 libc-

221 2162 323 2233 ralem
342 2163 430 2232 hanc
451 2163 613 2257 Scipionis
631 2160 789 2255 praedicet
811 2160 1058 2247 educationem,
1079 2163 1295 2234 nullomodo

219 2272 329 2339 innuit
354 2293 427 2338 eam
461 2269 496 2336 in
528 2265 638 2336 felices
665 2267 782 2335 abiisse
808 2266 955 2352 fructus,
980 2271 1142 2365 originem
1169 2271 1296 2342 scilicet

221 2375 418 2470 quibusdam
438 2373 567 2442 dedisse
586 2372 752 2467 operibus.
775 2373 865 2442 Num
884 2388 994 2444 autem
1013 2378 1091 2446 satis
1109 2378 1296 2466 habuisset,

222 2507 260 2550 re
277 2506 345 2551 non
361 2480 519 2576 probata,
539 2502 685 2548 asserere
707 2477 902 2573 praeclarum
924 2480 1015 2552 hune
1031 2481 1226 2554 bellatorem
1245 2491 1296 2555 ia-

183 2653 185 2662 .
221 2594 317 2682 genu
330 2611 375 2656 ac
393 2585 579 2655 stadiorum
588 2585 709 2675 faisse
732 2589 1028 2656 eminentissimum
1036 2587 1057 2670 ²,
1076 2591 1104 2658 si
1121 2615 1183 2684 pro
1200 2593 1294 2662 testi-

225 2697 337 2763 monio
364 2693 485 2762 afferre
505 2694 667 2786 potuisset
684 2692 897 2761 celeberrima·
919 2718 991 2787 quae
1011 2698 1042 2764 ei
1062 2697 1297 2791 aquibusdam

186 2836 188 2843 s
224 2800 437 2869 vindicantur
451 2796 577 2892 opera?
592 2801 682 2869 Num
705 2798 868 2867 omisisset
887 2798 1013 2869 Tullius
1034 2804 1238 2873 mentionem
1255 2805 1298 2874 de

226 2909 266 2976 iis
284 2906 446 3000 Scipionis
465 2903 636 2998 operibus,
651 2929 754 2997 quum
771 2902 910 2973 Laelium
924 2894 1079 2990 inducit³,
1096 2910 1154 3004 qui
1169 2913 1299 3006 magni·

228 3013 300 3082 ficis
322 3009 519 3106 praeclarum
541 3009 631 3077 hunc
657 3008 776 3078 ducem
806 3008 941 3079 extollat
971 3010 1141 3084 laudibus?
1164 3018 1300 3107 Quum,

229 3143 376 3213 persaepe
400 3101 510 3204 aliasl,
527 3115 671 3185 studium
693 3116 854 3210 Scipionis
871 3117 905 3183 ln
922 3116 1097 3209 litteratos,
1113 3136 1148 3191 et
1162 3138 1301 3194 caeteras

230 3226 302 3318 ejus
322 3227 462 3292 virtutes
480 3221 653 3316 predicet,
674 3246 755 3289 num
774 3244 873 3291 ausus
894 3222 1007 3293 fuisset
1032 3228 1063 3295 ei
1080 3243 1208 3322 partem
1231 3256 1302 3301 suae

231 3329 343 3425 gloriae
369 3327 565 3398 detrahere?
589 3329 731 3397 Minime
758 3327 830 3396 fieri
859 3327 941 3400 illud
971 3335 1141 3425 potuisset.
1169 3338 1303 3433 Nempe

230 3436 357 3506 Tullius
376 3436 508 3529 majoris
523 3433 655 3502 laudem
674 3458 714 3502 ex
731 3433 846 3503 litteris
861 3452 1091 3532 comparatam
1102 3443 1304 3535 aestimabat3

233 3544 329 3612 nimis
349 3567 411 3637 pro
429 3554 521 3610 certo
539 3540 673 3609 tenebat
692 3542 816 3635 optime
835 3543 959 3612 circum
979 3544 1066 3614 idem
1085 3563 1187 3642 caput
1203 3575 1306 3644 posse

280 3775 304 3808 1.
321 3754 440 3806 Velleius
454 3752 616 3807 Paterculus.
832 3759 858 3816 Δ.
877 3755 985 3821 Cicero,
999 3755 1034 3809 de
1047 3757 1217 3814 amicitia.·-·
1227 3761 1309 3820 Idem

278 3854 304 3887 a.
318 3835 388 3886 Vell.
404 3835 507 3886 Paterc.
519 3833 566 3885 lib.
582 3833 605 3884 I.
789 3832 818 3884 in
828 3833 921 3887 litteris
934 3835 1107 3892 familiaribus
1120 3851 1148 3892 et
1162 3840 1233 3908 aliis,
1245 3863 1310 3916 pas-

278 3914 304 3967 3.
329 3914 443 3979 Laelius,
468 3912 523 3966 sive
556 3909 590 3964 de
616 3910 746 3977 amicitia,
790 3913 1003 3968 sim-Oratio
1015 3935 1066 3986 pro
1076 3919 1160 3971 Lucio
1170 3919 1308 3994 Muraena,

235 3992 322 4047 initio.
790 3993 817 4044 in
829 3991 899 4059 fine,
915 3993 963 4047 ahi
975 3994 1045 4049 vide.
