2684 4830
234 402 254 447 n
494 376 672 445 vrcrott
695 378 762 445 'DE
790 378 1041 447 COMOEDIA.

234 508 291 579 sed
311 532 330 576 a
344 508 451 602 perito
467 509 547 576 artis
562 508 696 578 musicae
710 508 816 579 factis.
829 511 945 603 Neque
960 511 1050 579 enim
1064 512 1178 581 omnia
1192 513 1305 585 iisdem

231 614 341 684 modis
365 615 399 682 in
425 638 493 682 uno
514 614 645 683 cantico
664 614 867 710 agebantur,
891 615 948 685 sed
975 640 1062 711 saepe
1081 620 1231 689 mutatis.
1259 626 1305 693 Ut

234 720 422 816 significant
438 721 496 814 qni
514 734 581 789 tres
595 744 753 790 numeros
766 723 801 790 in
815 721 985 791 comoediis
1002 738 1152 818 ponunt,
1168 729 1228 821 qui
1239 740 1305 798 tres

229 829 405 898 continent
433 840 579 896 mutatos
604 827 722 898 modos
749 829 868 897 cantici
897 826 992 898 illius.
1015 830 1084 919 Qui
1114 830 1304 925 hujusmodi

226 934 351 1005 modos
367 932 549 1022 faciebant,
566 957 694 1002 nomen
706 936 741 1002 in
759 935 923 1030 principio
938 934 1071 1006 Fabulae
1088 950 1123 1005 et
1135 939 1303 1034 scriptoris

230 1056 265 1111 et
285 1041 407 1111 actoris
425 1039 704 1134 superponebant.
722 1040 923 1135 Hujusmodi
943 1040 1027 1111 adeo
1043 1043 1191 1114 carmina
1206 1045 1249 1115 ad
1265 1048 1301 1115 ti·

228 1148 303 1216 bias
325 1146 466 1232 fiebant,
488 1159 525 1214 ut
544 1145 600 1216 bis
623 1146 744 1216 auditis
761 1145 858 1216 multi
884 1172 925 1216 ex
943 1146 1072 1242 populo
1092 1163 1171 1219 ante
1196 1150 1299 1224 disce·

229 1269 322 1334 rent,
344 1277 445 1348 quam
462 1250 623 1321 Fabulam
638 1254 745 1322 acturi
761 1254 881 1323 scenici
897 1265 1025 1342 essent,
1043 1278 1145 1349 quam
1166 1260 1300 1328 omniuo

227 1358 472 1454 spectatoribus
483 1359 562 1453 ipsis
580 1356 779 1428 antecedens
793 1357 908 1428 titulus
918 1361 1202 1454 pronuntiaretur.
1218 1367 1298 1461 Age·

228 1466 353 1535 bantur
370 1478 482 1533 antem
501 1464 588 1533 tibiis
605 1464 742 1558 paribus
759 1479 817 1534 aut
834 1466 1034 1560 imparibus,
1049 1481 1083 1535 et
1100 1467 1225 1539 dextris
1246 1486 1297 1540 aut

226 1571 375 1642 sinistris.
392 1573 528 1639 Dextrae
541 1584 652 1639 autem
669 1586 703 1640 et
718 1571 832 1665 Lydiae
846 1596 905 1641 sua
919 1573 1081 1665 gravitate
1096 1577 1218 1645 seriam
1232 1579 1295 1647 Co·

228 1678 357 1748 moediae
376 1677 554 1746 dictionem
570 1677 842 1771 pronuntiabant.
856 1679 1003 1747 Sinistrae
1015 1694 1049 1748 et
1060 1681 1215 1752 Sarranae
1228 1706 1294 1753 acu·
1334 1674 1337 1681 ’

226 1786 325 1854 minis
347 1783 482 1853 levitate
493 1782 609 1875 jocum
624 1784 658 1851 in
672 1783 844 1853 Comoedia
859 1784 1089 1855 ostendebant.
1103 1787 1173 1856 Ubi
1191 1803 1292 1859 autem

226 1891 343 1960 dextra
363 1904 398 1958 et
417 1889 550 1958 sinistra
569 1903 643 1959 acta
666 1888 791 1959 Fabula
814 1891 1067 1980 inscribebatur,
1087 1895 1216 1965 mixtim
1230 1895 1290 1989 joci

127 2002 135 2017 '
227 2013 261 2067 et
280 1998 459 2093 gravitates
479 1994 770 2066 denuntiabantur.

408 2249 458 2338 L.
499 2251 821 2343 VICTORIS
859 2248 1108 2343 FA·USTI

477 2466 541 2536 ne
559 2467 801 2536 conopon
819 2466 1051 2537 ursaceus

324 2688 385 2749 Sim
399 2686 497 2746 brevis
513 2705 606 2764 usque
621 2685 691 2745 licet
705 2697 836 2744 veterum
850 2685 887 2744 de
902 2704 984 2743 more
996 2683 1124 2759 libellus,

365 2788 472 2861 Meque
487 2803 571 2841 suum
585 2784 739 2861 quisquam
752 2804 813 2841 non
825 2796 914 2861 queat
927 2801 1075 2840 asserere:

324 2886 385 2941 Nec
400 2880 491 2939 triviis
504 2881 622 2958 vulgata
638 2882 743 2952 feram,
758 2879 934 2958 decerptave
949 2876 1074 2957 passim,

366 2980 429 3036 Nec
443 2975 568 3055 proinde
585 2977 660 3034 elata
674 2978 770 3034 fronte
784 2975 928 3054 superbus
945 2995 1029 3034 eam:

324 3081 459 3135 Attamen
471 3073 624 3152 'egregium
639 3073 712 3131 nihil
729 3072 875 3151 undique,
892 3085 923 3130 et
938 3072 1067 3151 undique
1083 3086 1192 3133 tersum
1207 3086 1257 3134 cst.

364 3178 457 3246 Nam,
471 3169 552 3249 quod
567 3171 698 3243 miraris,
714 3169 789 3229 ridet
802 3169 832 3228 id
847 3171 920 3228 alter
931 3189 1014 3251 opus.

277 3373 465 3439 Entrunus
490 3392 552 3462 ego
577 3365 725 3436 libellum
746 3364 787 3434 de
809 3364 930 3461 triplici
954 3365 1205 3436 Comoediarum
1225 3390 1290 3438 sec·

225 3479 330 3564 tione,
348 3477 600 3544 Trivisanornm
615 3472 736 3559 decus,
754 3471 904 3560 Andrea,
916 3472 992 3554 tibi,
1007 3497 1198 3568 quanquam
1211 3499 1290 3570 prae·

143 3608 151 3618 ·
224 3596 369 3669 textato,
386 3605 508 3650 munus
528 3579 640 3649 dicare
656 3579 800 3648 decrevi.
816 3578 895 3648 Non
914 3578 1067 3673 equidem
1080 3578 1292 3651 admiratione

225 3691 391 3760 bonorum
423 3689 573 3781 corporis
601 3699 660 3755 aut
685 3684 847 3772 fortunae,
865 3710 931 3778 qua
954 3687 1073 3754 merito
1094 3689 1245 3757 Venetiis
1265 3699 1293 3756 et

223 3799 259 3866 in
281 3796 365 3865 adeo
386 3792 559 3863 excellenti
576 3791 698 3861 familia
719 3816 970 3878 veneraremur3
990 3791 1048 3861 sed
1068 3795 1228 3885 quoniam
1248 3794 1293 3861 in·

224 3905 323 4000 genio
340 3916 373 3972 te
391 3898 549 3995 singulari
568 3899 811 3969 adolescentem
830 3897 942 3967 multis
955 3898 1156 3993 jampridem
1171 3898 1294 3970 indiciis

223 4013 294 4106 ipse
315 4032 549 4104 cognoveram.
567 4008 700 4081 Etenim
718 4029 815 4095 vere,
833 4004 924 4099 qnod
946 4005 988 4074 de
1010 4031 1045 4074 se
1055 4004 1205 4098 jactabat
1219 4010 1294 4078 Her
1332 4042 1334 4067 ι
