2684 4830
370 416 506 489 NOVl
537 422 815 498 EDITORIS.
1008 445 1124 491 xxxvii

102 551 191 616 Tum
208 549 303 642 quod
324 549 507 620 malevolus
527 566 623 621 retus
641 555 744 621 Poeta
762 551 908 637 dictitat,
928 565 990 621 cto.

98 653 215 724 Fidem
241 681 324 751 ergo
349 656 545 727 adhibemus
566 657 1125 752 verbisrpmhatissimorumhujus

53 761 212 854 temporis
232 765 399 851 virorum,
422 765 533 857 potius
555 789 655 859 quam
679 762 868 832 invidorum
884 777 1075 857 poctarum,
1092 778 1127 833 et

54 864 260 937 eruditorum
279 866 377 939 docte
394 868 615 939 delirantium.
637 870 838 963 Quanquam
861 868 1127 938 fatebimur-non

55 994 158 1063 pauca
194 986 284 1044 stare
322 976 358 1043 in
389 976 459 1045 istis
493 978 610 1045 castris
648 974 856 1044 eruditorum
886 976 1022 1044 nomina
1056 999 1127 1044 uon

54 1077 248 1170 spernendae
277 1081 361 1150 adeo
386 1082 614 1168 auctoritatis3
636 1080 726 1174 quod
757 1081 890 1174 quidem
915 1104 1023 1150 cauare
1045 1081 1131 1168 fuit,

9 1196 11 1201 '
53 1205 111 1284 cur
124 1185 275 1279 opinioni
294 1186 397 1256 abeis
415 1185 618 1282 pervulgatae
635 1202 703 1257 tam
719 1186 830 1257 vivide
846 1211 1031 1282 repugnare
1049 1201 1125 1255 ton-

53 1291 243 1360 taverimus.
267 1292 333 1362 Sed
356 1293 440 1362 adeo
459 1318 528 1362 non
549 1291 628 1380 soli,
647 1306 681 1362 et
705 1295 843 1388 proprio
866 1307 996 1362 tantum
1020 1307 1127 1374 marte

53 1408 223 1466 certamen
247 1399 314 1467 hoc
338 1400 486 1486 iniimus,
508 1412 565 1485 ut,
592 1398 790 1468 adversante
809 1398 905 1468 nobis
929 1413 964 1467 et
986 1401 1125 1468 Monta·

53 1498 332 1589 uio¹,etFahro²,
348 1524 382 1574 et
396 1490 582 1590 Dacieria³,
597 1504 795 1574 auxilientur
815 1501 1033 1600 Baylius⁴,et,
1048 1507 1127 1574 satis

52 1607 243 1677 mirandum
263 1609 390 1697 dicam,
412 1612 484 1704 ipsa
511 1597 696 1679 Dacieria⁵.
720 1613 761 1679 ln
787 1612 874 1679 notis
894 1608 1019 1679 scilicet
1043 1634 1127 1704 quas

52 1711 283 1808 Adelphorum
305 1716 475 1786 comoediae
489 1716 630 1809 subjecit
642 1715 832 1785 doctissima
850 1715 980 1795 mulier,
997 1717 1127 1785 incusat

51 1819 246 1889 Terentium
266 1822 356 1915 quod
375 1846 473 1891 suum
487 1847 611 1891 nomen
632 1823 796 1916 Scipionis
814 1835 848 1889 et
861 1819 952 1890 Laelii
968 1823 1127 1891 car-mint

42 1922 116 1992 hus
136 1925 343 2022 inscripserit
365 1953 373 1996 :
399 1957 416 1992 a
439 1931 478 1998 Je
497 1929 578 2012 sais,
598 1927 742 2015 dit-elle,
760 1953 825 2022 que
849 1925 880 1995 la
905 1926 1065 1997 modestie
1084 1927 1127 2009 de

56 2029 233 2111 «Terence
250 2058 293 2111 en
309 2048 395 2104 cette
409 2035 563 2105 occasion
580 2033 730 2103 novient
746 2035 782 2102 ni
796 2034 838 2103 de
852 2057 913 2115 son
925 2034 1126 2120 honndtete,

57 2134 119 2203 cni
136 2135 179 2206 de
196 2135 400 2234 l’enviequ'il
416 2143 506 2210 avait
521 2140 562 2208 de
574 2140 653 2208 faire
667 2139 778 2234 plaisir
796 2139 814 2207 A
830 2163 882 2208 ses
898 2141 979 2208 amis
991 2155 1024 2209 et
1040 2141 1058 2207 h
1073 2165 1125 2209 ses

57 2240 316 2331 «bienfaiteurs,
328 2248 410 2315 mais
424 2246 466 2315 de
480 2247 510 2316 la
526 2247 617 2316 forre
630 2245 671 2314 de
683 2237 719 2314 la'
728 2243 843 2314 verite.
854 2275 871 2310 »
886 2248 927 2313 ln
941 2248 1028 2314 notis
1041 2270 1125 2340 quas

53 2346 96 2416 de
116 2350 188 2419 vita
208 2354 354 2422 Terentii
375 2355 523 2447 scripsit,
541 2355 707 2422 contraria
732 2377 869 2448 prorsus
900 2353 946 2421 sic
974 2354 1127 2420 enuntiat

54 2454 197 2552 eadem:
217 2486 235 2528 u
253 2456 280 2526 ll
299 2472 349 2528 est
366 2460 518 2554 vraique
540 2459 623 2528 daus
646 2458 693 2528 les
711 2458 878 2553 Adelphos
898 2455 1046 2525 Terence
1066 2457 1125 2525 fait

58 2590 76 2625 a
86 2552 155 2630 fort
167 2563 244 2632 hicn
253 2587 291 2633 sa
304 2589 387 2652 cour
400 2564 419 2633 A
433 2567 568 2660 Scipion
581 2579 616 2634 et
628 2566 647 2632 a
661 2564 797 2650 Laelius3
810 2564 892 2631 mais
902 2561 984 2630 dans
995 2560 1126 2631 l’Heau·

59 2669 405 2756 «tontimonumenos‚
418 2669 440 2739 il
459 2672 583 2740 n’avait
596 2695 656 2765 pas
670 2670 722 2739 e'td
741 2673 768 2739 si
785 2666 1016 2762 complaisant3
1034 2667 1126 2738 caril

58 2771 215 2869 aditque
232 2774 311 2851 c’cst
328 2802 394 2847 une
410 2775 593 2861 calomnia,
612 2790 646 2844 et
664 2775 686 2844 il
701 2778 773 2870 prie
785 2774 831 2845 les
847 2776 1007 2844 Romains
1024 2774 1066 2843 de
1084 2800 1126 2844 ne

59 2908 77 2943 α
87 2903 148 2974 pas
167 2879 303 2952 dcouter
317 2882 363 2953 les
378 2898 492 2952 oontes
510 2883 568 2952 des
582 2883 763 2952 mechants.
776 2911 793 2947 a
808 2884 848 2949 ln
864 2883 953 2950 notis
972 2880 1013 2949 de
1027 2880 1127 2948 Adel·

54 2985 203 3079 phorum
232 2989 411 3078 comoedia,
438 2988 550 3082 objicit
575 3013 614 3058 ea
633 3014 706 3083 quae
734 3001 939 3083 sequuntur:
964 3016 980 3050 «
1008 2985 1037 3053 Il
1061 3012 1083 3080 y
1106 3009 1127 3053 a

59 3091 262 3189 «beaucoup
277 3093 496 3190 d’apparence
511 3118 576 3188 que
593 3094 651 3163 des
667 3119 747 3188 gens
769 3094 856 3162 aussi
874 3091 957 3186 polis
970 3116 1041 3186 .quc
1057 3093 1127 3161 Sci·

59 3199 168 3292 apion
179 3213 212 3268 et
223 3199 342 3279 Laelius
355 3201 487 3279 avaient
498 3201 671 3294 beaucoup
684 3199 726 3268 de
739 3213 816 3293 part
832 3200 914 3267 lases
929 3200 1057 3292 pidccs3
1071 3222 1129 3266 car

59 3320 258 3374 «comment
268 3330 315 3374 un
329 3306 563 3400 Carthaginois
579 3305 718 3373 auran-il
732 3329 777 3398 pu
791 3329 831 3372 en
847 3304 874 3372 si
888 3328 952 3399 peu
965 3303 1006 3372 de
1018 3317 1127 3397 temps

60 3423 236 3505 «attraper
250 3425 361 3499 toutcs
377 3411 424 3496 les
436 3411 572 3482 beaute's
589 3425 623 3480 et
636 3424 745 3483 toules
758 3409 805 3479 les
820 3433 935 3505 greces
951 3407 1048 3480 d’une
1062 3407 1128 3477 lan-

60 3541 152 3610 «gue
170 3518 258 3587 aussi
278 3517 412 3602 difficile
427 3542 492 3612 que
510 3515 542 3586 la
558 3516 678 3611 langue
698 3514 848 3585 tatinetr
871 3519 913 3584 Et
928 3514 1060 3609 quidem
1080 3518 1128 3584 sic

100 3764 127 3799 1.
145 3747 249 3809 Ersais,
273 3747 319 3800 lih.
333 3748 430 3813 XVII,
444 3766 502 3818 cap.
519 3745 565 3815 39.
652 3753 678 3810 4.
689 3749 722 3798 In
732 3765 780 3800 auo
790 3744 967 3812 dictionario,
989 3741 1023 3797 ad
1037 3762 1130 3798 rocem

56 3824 279 3880 Conside'raticns
291 3845 336 3878 sur
346 3827 468 3883 ciceron,
482 3827 568 3880 initio.
610 3827 769 3892 Homerus,
784 3845 906 3897 »emorque
920 3825 950 3878 F.

99 3923 126 3956 a.
138 3906 179 3957 De
188 3905 311 3959 Terentii
323 3906 392 3970 vita,
405 3907 434 3958 in
447 3906 508 3958 fine.
653 3905 678 3958 5.
691 3904 763 3958 Vide
777 3905 896 3976 optimas
909 3904 991 3975 ipsius
1003 3913 1078 3955 notas
1093 3901 1127 3958 ad

12 4037 18 4048 ,
98 3983 127 4036 3.
151 3984 227 4041 Notae
240 3985 269 4038 in
282 3982 465 4058 Adelphorum
480 3986 569 4058 prolo·
610 3985 691 4037 vitam
708 3985 844 4049 Terentii,
865 4003 911 4037 seu
930 4002 962 4039 ex
981 3981 1126 4041 Suetonio,¹

58 4081 132 4133 gum.
611 4083 657 4118 seu
674 4083 706 4119 cx
721 4065 835 4125 Donato.
