2684 4830
212 371 274 458 «ι’
552 389 806 456 ruasnuru
833 388 971 456 vrri·

266 519 451 589 Eunuchus
465 518 600 614 quidem
615 520 666 588 his
685 518 738 587 die
753 533 827 587 acta
840 531 910 605 est;
925 518 1114 612 meruitque
1128 520 1291 611 pretium,

215 642 378 721 quantum
404 624 616 694 nullaantea
637 624 835 719 cujusquam
856 625 1043 712 Comoedia,
1068 624 1193 710 idest,
1217 639 1292 692 octo

216 732 320 802 millia
339 731 533 816 nummfim3
556 745 736 826 propterea
758 751 888 800 summa
912 755 1045 826 quoque
1061 729 1157 799 titulo
1169 730 1292 799 adscri-

214 839 314 908 bitur.
330 841 420 906 Nam
435 836 664 933 Adelphorum
685 830 887 932 principium
907 841 1018 906 Varro
1039 839 1139 905 etiam
1157 836 1293 932 praefert

214 942 379 1040 principio
397 944 585 1013 Menandri.
603 947 682 1016 Non
698 944 841 1013 obscura
859 943 951 1013 fama
969 958 1037 1030 est,
1059 943 1211 1038 adjutum
1230 947 1291 1012 Te·

214 1052 359 1120 rentium
382 1050 562 1146 inscriptis
581 1075 600 1119 a
619 1049 721 1120 Laelio
737 1063 771 1120 et
790 1051 966 1144 Scipione,
981 1050 1181 1145 quibuscum
1203 1049 1294 1118 fami·

173 1205 175 1210 -
215 1156 341 1226 liariter
361 1157 452 1225 vixit.
480 1157 641 1226 Eamdem
659 1157 729 1252 ipse
757 1158 858 1226 auxit.
876 1159 1060 1251 Nunquam
1089 1157 1201 1242 enim,
1230 1157 1291 1225 uisi

216 1261 345 1349 leviter,
362 1287 397 1333 se
411 1266 517 1332 tutari
535 1278 685 1351 conatur,
707 1277 746 1333 ut
764 1263 799 1331 in
819 1261 964 1359 Prologo
978 1255 1230 1358 Adelphorum:

301 1449 391 1517 Nam,
407 1444 488 1522 quod
504 1444 553 1503 isti
566 1442 667 1503 dicunt
680 1443 832 1514 malevoli,
846 1442 979 1502 homines
992 1442 1105 1502 nobiles

298 1545 387 1600 Hunc
400 1542 553 1620 adjutare,
572 1540 745 1618 assidueque
758 1561 816 1599 una
830 1539 976 1600 scribere:

294 1637 392 1711 ‘Quod
405 1637 448 1695 illi
461 1637 647 1696 maledictum
660 1636 817 1696 vehemens
831 1637 1009 1711 existimant,

298 1739 372 1795 Eam
384 1735 500 1794 laudem
512 1735 560 1794 hic
574 1736 655 1795 ducit
668 1736 822 1795 maximam
832 1760 841 1810 3
853 1756 948 1815 quum
961 1737 1018 1796 illis
1028 1737 1141 1815 placet,

300 1833 360 1906 Qui
369 1830 458 1891 ‘vobis
471 1832 612 1891 universis
626 1846 656 1892 et
668 1833 781 1911 populo
792 1835 929 1912 placent3
1116 1832 1119 1838 ’

296 1934 437 2003 Quorum
450 1949 541 2008 opera
555 1931 585 1988 iu
600 1929 699 2000 betto,
714 1931 744 1989 in
754 1931 832 1997 otio,
849 1932 878 1989 in
894 1930 1025 2009 negotio,

304 2030 364 2087 Suo
380 2027 504 2104 quisque
521 2039 653 2106 tempore
669 2047 739 2086 usus
752 2041 796 2086 est
810 2029 872 2087 sine
887 2026 1033 2106 superbia.

276 2206 419 2275 Videtur
437 2215 548 2275 autem
563 2231 598 2275 se
613 2205 721 2274 levius
739 2200 940 2293 defendisse,
955 2207 1032 2300 quia
1049 2205 1175 2274 sciebat
1189 2206 1292 2275 Laelio

224 2323 257 2382 e't
270 2313 417 2407 Scipioni
430 2338 499 2383 non
507 2313 670 2407 ingratam
687 2337 758 2382 esse
770 2313 859 2381 hanc
875 2313 1083 2407 opinionem3
1097 2337 1172 2406 quoe
1181 2327 1292 2382 tamen

223 2416 328 2513 magis
347 2433 381 2488 et
400 2444 503 2513 usque
518 2417 542 2442 ¹⁰
565 2419 607 2487 ad
624 2420 809 2514 posteriora
824 2433 976 2513 tempora
993 2417 1106 2487 valuit.

277 2527 322 2614 Q.
381 2527 520 2594 emmius
532 2526 567 2592 in
582 2527 742 2608 Oratione
755 2552 817 2621 pro
831 2549 865 2595 se
877 2527 943 2595 ait:
962 2526 1074 2595 «Pub.
1098 2524 1292 2612 Africanus,

222 2633 280 2725 qui
295 2657 314 2700 a
327 2635 484 2701 Terentio
493 2657 670 2728 personam
683 2647 867 2719 mutuatus,
879 2657 953 2726 quae
967 2631 1058 2701 domi
1074 2628 1198 2701 luserat
1209 2633 1293 2727 ipse,

222 2739 357 2807 nomine
371 2737 458 2807 illius
469 2741 505 2807 in
515 2765 651 2809 scenam
661 2736 811 2808 detulit.»
825 2742 939 2833 Nepos
949 2753 1085 2808 auctore
1095 2752 1187 2806 certo
1202 2764 1294 2818 com·

222 2846 346 2938 perisse
370 2869 405 2912 se
432 2845 496 2932 ait,
515 2847 555 2913 C.
577 2845 734 2932 Laelium,
752 2844 920 2941 quondam
953 2845 987 2911 in
1014 2842 1196 2913 Puteolano
1217 2845 1294 2914 Kal.

221 2951 352 3029 Martiis
370 2950 578 3020 admonitum
597 2950 639 3018 ab
660 2975 783 3037 uxore,
798 2951 982 3045 temporius
1001 2964 1039 3018 ut
1054 2949 1295 3040 discumberet,

221 3058 354 3150 petiisse
370 3057 412 3124 ab
427 3081 521 3125 eane
540 3055 825 3151 interpellaretur:
842 3058 946 3125 serius
959 3055 1093 3124 tandem
1107 3057 1294 3150 ingressum

221 3162 402 3238 triclinium
424 3162 562 3250 dixisse,
581 3186 652 3231 non
670 3187 757 3256 saepe
779 3161 1006 3232 inscribendo
1027 3165 1132 3257 magis
1159 3189 1295 3234 succes-

222 3270 302 3351 sisse
319 3270 390 3338 sibi.
412 3269 543 3338 Deinde
564 3283 717 3363 rogatum
739 3283 778 3337 ut
795 3270 918 3364 scripta
935 3267 990 3338 illa
1006 3269 1189 3364 proferret,
1213 3297 1295 3366 pro·

222 3377 390 3445 nuntiasse
404 3400 538 3464 versus,
555 3376 612 3474 qui
627 3390 704 3445 sunt
719 3376 753 3444 in
772 3376 1167 3445 Heautontimorumeno:

262 3551 337 3614 Satis
351 3551 403 3630 pol
417 3564 554 3630 proterve
569 3569 616 3608 me
630 3548 696 3626 Syri
709 3548 851 3627 promissa
865 3549 923 3608 huc
937 3549 1123 3608 induxerunt.

276 3724 397 3792 Santra
418 3722 610 3790 Terentium
626 3722 808 3810 existimat,
831 3720 973 3790 simodo
988 3723 1023 3789 in
1039 3719 1214 3789 scribendo
1234 3721 1297 3790 ad·

220 3828 387 3924 jutoribus
402 3827 598 3924 indiguerit,
620 3853 689 3899 non
712 3842 782 3897 tam
804 3825 959 3921 Scipione
979 3841 1013 3898 et
1036 3826 1138 3896 Laelio
1160 3827 1209 3895 uti
1228 3852 1295 3923 po·

266 4064 311 4099 10.
327 4045 411 4115 Magis
423 4057 447 4097 et
458 4064 539 4118 usque.
552 4046 643 4116 Vulgo
655 4046 775 4099 obscure„
792 4045 866 4098 Both.
878 4045 934 4109 Qui
947 4042 1032 4098 edidit
1042 4063 1073 4096 m.
1086 4056 1111 4095 et
1123 4064 1153 4097 m.
1169 4064 1250 4117 usque.
