2684 4830
210 350 309 396 xxxn
576 328 929 399 DISSERTATIO

263 460 298 527 Si
317 456 449 527 aLaelio
463 471 497 526 et
513 459 670 553 Scipione
684 460 807 553 scripta
826 460 942 529 fuisset
954 458 1079 547 fabula,
1092 459 1134 527 de
1152 482 1219 553 qua
1229 457 1283 528 illa

209 565 442 658 excerpsimus,
460 578 549 633 certe
560 564 660 634 iidem
673 563 851 660 prologum
866 568 1083 660 scripsissent.
1094 569 1185 634 Num
1203 590 1282 662 vero

212 669 293 739 tales
312 672 373 738 viri
393 673 441 739 ita
459 669 636 764 magnifice
652 671 693 740 de
716 697 750 740 se
768 672 951 766 praedicare
969 673 1040 741 ausi
1053 669 1183 742 essent?
1194 672 1282 759 Quo

212 776 313 845 modo
333 775 405 844 fieri
423 777 600 870 potuisset,
612 790 651 845 ut
672 793 866 872 paterentur
874 780 1066 848 Terentium
1087 803 1159 846 rem
1181 777 1282 846 talem

209 883 381 968 confiteri,
404 884 432 951 si
453 883 515 977 ipsi
533 907 650 952 revera
667 883 787 953 fabulae
804 884 942 954 fuissent
959 898 1123 972 auctores,
1141 900 1175 952 et
1194 885 1220 953 si
1239 883 1282 953 fa·

209 986 363 1056 bularum
377 989 579 1083 scriptorum
594 1015 717 1059 nomen
727 989 956 1061 erubuissent?
973 994 1034 1061 Est
1047 991 1149 1084 igitur
1159 1014 1280 1084 agnos·

209 1093 351 1163 cendum
371 1094 406 1163 in
426 1094 489 1165 illis
505 1096 654 1166 versibus
675 1095 803 1165 nullum
821 1096 921 1167 alium
939 1098 1001 1167 nisi
1020 1097 1214 1175 Terentium
1237 1094 1280 1165 lo

209 1201 284 1294 qui3
305 1203 397 1295 atqui
422 1203 456 1270 iu
469 1202 532 1271 ‚his
554 1203 703 1272 versibus
724 1205 751 1272 is
773 1228 842 1272 non
860 1204 941 1273 dicit
963 1229 998 1273 sc
1014 1227 1033 1272 a
1048 1204 1196 1297 patronis
1217 1203 1281 1272 suis

209 1305 309 1380 fuisse
336 1308 493 1403 inopere
519 1308 684 1400 adjutum3
709 1309 751 1378 de
772 1309 836 1378 hac
863 1336 916 1395 re,
938 1308 1136 1378 adulationis
1163 1333 1281 1394 causa,

120 1463 122 1468 -
209 1410 307 1505 plane
327 1411 416 1499 silet,
445 1429 622 1485 contentus
646 1414 864 1485 declaravisse
885 1441 986 1511 quam
1008 1413 1163 1484 benevoli
1184 1416 1221 1483 in
1248 1440 1281 1484 se

209 1519 319 1613 ipsum
341 1523 533 1591 exstiterint.
549 1524 652 1590 Poeta
668 1524 781 1617 igitur,
798 1521 917 1591 talibus
931 1522 1040 1591 verbis
1057 1546 1154 1609 usus,
1167 1545 1280 1590 exem·

207 1623 301 1717 plunl
315 1640 446 1696 secutus
459 1643 510 1696 est
521 1629 721 1722 scriptorum
731 1630 1008 1724 qui,postquam,
1018 1651 1120 1723 opera
1133 1629 1281 1722 patronis

194 1732 274 1800 'suis
293 1734 534 1823 recitaverunt,
551 1732 661 1828 palam
678 1734 879 1829 profitentur
897 1760 931 1804 sc
948 1734 1010 1804 illis
1025 1735 1170 1829 propriae
1185 1733 1281 1804 fama

207 1853 336 1930 partem
354 1839 484 1909 debere.
763 1847 766 1853 '

260 1945 294 2012 Si
303 1947 416 2040 opinio
433 1960 548 2016 nostro
564 1948 693 2016 auctori
706 1961 773 2015 tam
798 1946 1037 2017 contumeliosa
1062 1970 1115 2014 res
1137 1960 1230 2014 certa
1249 1960 1281 2014 et

206 2073 286 2141 vera
294 2050 419 2136 fuisset,
432 2055 459 2122 si
465 2055 611 2122 Terentii
623 2078 738 2122 versus
748 2052 848 2122 modo
857 2055 948 2123 citati
955 2066 1113 2146 tanquam
1125 2077 1281 2147 expressa

207 2155 370 2228 confessio
388 2160 494 2229 habiri
513 2174 635 2244 essent,
657 2159 825 2254 quomodo
844 2157 998 2228 malevoli
1024 2150 1136 2254 talem]
1151 2158 1281 2227 confes

206 2262 332 2332 sionem
355 2266 390 2333 in
413 2268 523 2362 ipsum
545 2281 737 2361 retorquere
756 2263 993 2360 neglexissent?
1021 2252 1123 2334 Nuin·
1143 2265 1280 2335 Porcius
1327 2261 1328 2266 ¹

106 2453 109 2465 1
204 2364 259 2437 ille
274 2372 330 2464 qui
350 2373 525 2466 injuriosos
544 2373 780 2442 inTerentium
801 2397 917 2441 versus
937 2370 1101 2454 ediderat,
1119 2371 1282 2465 potuisset

105 2475 110 2486 ”
205 2474 281 2547 hacc.
298 2477 340 2546 de
361 2503 401 2548 eo
422 2479 584 2550 scribere:
747 2482 751 2487 ’

242 2697 244 2702 .
282 2648 295 2675 τι
311 2623 390 2683 Nihil
404 2624 524 2685 Publius

278 2717 375 2793 Scipio
390 2722 516 2796 profuit,
532 2721 605 2779 nihil
619 2724 646 2779 ei
659 2722 777 2794 Laelius,
794 2721 868 2778 nihil
884 2721 1005 2792 Furius,

280 2818 352 2874 Tres
363 2837 416 2891 per
427 2817 505 2875 idem
517 2831 628 2894 tempus
642 2819 693 2896 qui
708 2817 858 2896 agitabant
874 2817 987 2875 nobiles
1001 2816 1146 2874 facillime.

280 2916 388 2973 Eorum
400 2916 449 2973 ille
461 2935 548 2991 opera
559 2936 597 2973 ne
611 2916 731 2974 domum
747 2916 866 2993 quidem
878 2914 982 2974 habuit
998 2912 1206 2973 conductitiam
1218 2935 1226 2970 ε

286 3016 393 3072 Saltem
408 3027 441 3070 ut
455 3027 530 3072 esset
544 3032 603 3091 quo
617 3013 741 3072 referret
757 3011 869 3071 obitum
885 3013 997 3071 domini
1011 3011 1168 3070 servulus.-

234 3166 404 3230 Hactenus
411 3160 603 3255 opinionem
611 3181 712 3253 quam
721 3155 1121 3253 impugnamus,refellere
1131 3157 1280 3229 contenti

201 3293 315 3338 sumus
326 3266 503 3338 asserendo
517 3289 733 3360 quaecumque
748 3279 826 3334 sunt
837 3262 1024 3333 verisimilia
1036 3278 1070 3331 et
1084 3259 1279 3358 probabilia.

199 3377 300 3446 Nunc
312 3377 464 3444 venimus
478 3371 520 3441 ad
534 3371 722 3441 testimonia
732 3369 974 3465 ejusmodique
989 3366 1231 3438 malevolorum
1246 3382 1281 3437 et

201 3483 351 3550 omnium
366 3481 423 3575 qui
437 3504 493 3548 eos
508 3481 613 3548 secuti
625 3492 702 3547 sunt
715 3479 819 3546 verba
831 3477 1051 3572 perfringam·
1067 3475 1280 3570 Praecipuum

200 3602 316 3658 testem
334 3590 531 3656 'invocamus
547 3586 658 3653 virum
675 3582 822 3670 clarum,
840 3582 986 3652 Tullium
1003 3580 1145 3666 scilicet,
1159 3581 1217 3674 qui
1231 3581 1281 3650 ita

200 3695 243 3762 ad
258 3696 406 3763 Atticum
432 3692 571 3762 scribit:
598 3693 821 3776 «Terentius,
846 3691 940 3783 cujus
966 3687 1110 3774 fabellae,
1135 3701 1280 3782 propter

154 3856 159 3872 .
198 3800 394 3895 elegantiam
412 3799 595 3891 sermonis,
608 3799 813 3892 putabantur
829 3821 849 3864 a
864 3799 945 3866 Caio
965 3795 1074 3885 Laelio,
1087 3794 1185 3864 scribi
1201 3792 1249 3862 ¹.»
1264 3873 1265 3876 Ἴ
1294 3879 1298 3890 Ι

239 4021 262 4054 1.
279 4005 331 4074 Ep.
345 4001 381 4055 ad
394 4001 655 4066 Atticumlib.v11,
672 4019 715 4071 ep.
734 4001 749 4053 3
763 4038 769 4063 ,
788 3999 837 4051 sub
851 3998 942 4050 finem.
