2684 4830
190 365 262 411 xxti
402 418 405 423 Α
508 342 772 411 TERENTII
805 343 934 409 VITA

191 487 272 568 post
294 474 398 566 equiti
418 477 572 543 Romano
598 474 721 568 nupsit.
752 476 838 543 Item
857 471 1010 543 hortulos
1030 497 1073 540 xx
1090 472 1268 568 jugerum,

189 581 244 650 tiu
269 580 378 674 Appia
404 579 448 648 ad
466 581 586 650 Martis
608 579 720 648 villam
739 606 747 648 :
764 605 831 675 quo
850 579 955 674 magis
978 581 1094 666 miror,
1113 580 1266 649 Portiunr

188 685 347 772 scrihere,
670 699 673 703 ’

747 832 829 894 Nihil
843 831 963 892 Publius

224 931 325 1008 Scipio
338 930 466 1007 profuit,
480 927 552 987 nihii
566 931 593 987 ei
607 929 812 1001 Laetius,nihit
824 928 942 1000 Furius3

224 1031 299 1088 'ltus
310 1025 452 1105 peridem
467 1039 580 1104 tempus
594 1028 645 1104 qui
656 1026 804 1105 agitabant
815 1024 929 1084 nobiles
942 1025 1091 1083 facillimo.

221 1127 333 1184 Eorum
347 1123 398 1182 ilie
408 1142 500 1201 opera
512 1144 549 1182 ue
561 1123 681 1182 domum
694 1123 813 1202 quidem
829 1121 933 1181 habuit
947 1121 1156 1181 conductitiam
1172 1144 1182 1179 :

223 1221 331 1284 sutem
348 1233 381 1278 ut
396 1232 487 1291 esset,
500 1240 562 1298 quo
575 1221 699 1281 referret
712 1220 826 1283 obitum
840 1219 954 1283 domini
967 1219 1108 1282 servulus.

237 1429 339 1496 Hunc
359 1425 516 1495 Afranius
534 1425 668 1519 quidem
686 1425 842 1495 omnibus
857 1426 992 1495 comicis
1012 1424 1165 1520 profert,
1180 1427 1261 1496 seri·

182 1531 265 1602 bens
285 1535 319 1599 in
332 1531 594 1625 Compitalibus:
612 1549 629 1583 «
639 1534 796 1611 terentio
810 1557 879 1601 uon
895 1531 1035 1605 similem
1044 1531 1133 1601 dices
1142 1557 1258 1625 quem·

183 1638 281 1730 piam.
300 1655 316 1688 ³>

234 1742 407 1813 Volcatius
430 1759 541 1813 autem
561 1769 628 1813 non
646 1743 753 1813 solum
769 1744 903 1829 Naevio,
924 1759 958 1812 et
975 1743 1114 1831 Plauto,
1130 1757 1163 1812 et
1179 1729 1258 1813 Caess

184 1848 280 1935 cilio,
303 1850 360 1918 sed
380 1852 509 1919 Licinio
523 1837 547 1876 ²⁶
568 1854 700 1945 quoque
722 1853 902 1946 postponit.
924 1852 1045 1920 Cicero
1061 1852 1094 1917 in
1117 1851 1263 1919 Limone

182 1955 344 2024 hactenus
366 1954 501 2025 laudat:
713 1965 715 1968 ’

259 2149 304 2201 Tu
318 2164 452 2221 quoquo,
468 2147 519 2224 qui
535 2149 613 2205 solus
627 2148 703 2205 lecto
716 2165 866 2218 sermone,
881 2147 1016 2218 Terenti,

259 2245 440 2301 Conversum
453 2262 681 2322 expressumque
691 2242 795 2303 Latino
805 2262 879 2301 νοω
891 2242 1087 2300 Menandrum

209 2366 214 2378 ’
258 2341 293 2401 In
307 2337 404 2397 medio
421 2351 444 2389 ¹⁷
461 2340 565 2418 populi
580 2339 691 2399 sedatis
703 2338 827 2401 vocibus
842 2339 948 2410 effers3

258 2434 410 2512 Quidquid
427 2437 450 2475 ¹⁸
464 2455 547 2494 come
561 2437 702 2514 loquens,
717 2457 751 2496 uo
767 2436 865 2496 omnia
879 2435 1094 2515 dutciafdtoens

176 2625 262 2694 Item
283 2624 323 2692 C.
343 2626 479 2713 cesar:

253 2816 300 2872 Tu
311 2831 429 2890 quoque
444 2816 520 2872 tuin
535 2816 668 2889 summis,
685 2835 703 2873 ο
718 2815 868 2874 dimidiote
881 2812 1054 2886 Menander,

252 2909 393 2983 Poneris‚
406 2924 435 2968 et
449 2914 571 2982 merito,
587 2913 654 2990 puri
667 2912 807 2972 sermonis
821 2924 942 2984 amator,
1013 2939 1016 2943 ²

253 3005 382 3069 Lenibus
394 3020 482 3085 atque
496 3009 607 3067 utinam
621 3009 736 3087 scriptis
750 3008 886 3087 adjuncta
899 3009 974 3067 foret
987 3007 1031 3066 ris

256 3103 394 3173 comica,
410 3117 434 3156 19
448 3117 482 3162 ut
497 3119 610 3184 arquato
627 3105 720 3164 virtus
734 3106 859 3184 polleret
874 3106 989 3164 honore

255 3203 329 3259 Cum
346 3203 470 3276 Graeeis,
486 3222 581 3281 oeque
592 3204 622 3260 in
637 3202 694 3261 hae
705 3202 859 3282 despectis
870 3215 895 3245 ²⁰
907 3215 991 3282 parte
1000 3201 1129 3280 jaceres!

251 3305 348 3358 Unum
364 3297 422 3356 hoe
435 3319 576 3372 maceror,
590 3312 620 3357 et
632 3299 719 3358 doleo
735 3298 788 3358 tibi
801 3300 919 3371 deesse,
934 3298 1060 3359 Terenti.

216 3520 259 3571 ιθ.
273 3519 378 3573 Licinio.
390 3519 441 3574 Mo.
453 3521 531 3573 Livio.
542 3522 584 3573 Id.
730 3539 824 3575 omnes
838 3521 894 3574 fere
906 3519 1051 3574 hodiernus
1065 3520 1168 3592 linguas
1183 3539 1248 3592 pro-

214 3615 262 3666 17.
278 3597 311 3651 Irr
329 3599 419 3662 redu,
434 3612 482 3653 ote.
499 3601 549 3653 Me
567 3602 636 3654 Duo.
654 3602 686 3653 In
729 3613 852 3673 papatum
867 3613 906 3653 est
921 3619 929 3654 ε
944 3598 991 3654 sed
1005 3613 1077 3652 reete
1098 3611 1191 3653 monet
1204 3600 1249 3653 vir

170 3675 272 3731 medium
285 3678 354 3731 nobis
367 3680 474 3743 sedatis,
488 3693 538 3734 eto.
553 3679 596 3733 Id.
730 3681 859 3753 egregius,
868 3679 943 3734 Frid.
952 3680 1154 3751 Aug-wolfius,
1163 3677 1245 3733 dead.

213 3758 258 3813 rt.
276 3758 412 3830 Quidquid.
425 3760 477 3813 Me
493 3760 639 3830 Quiddom:
650 3761 686 3813 ai.
729 3760 849 3814 Helenus
872 3759 973 3827 decos,
990 3757 1177 3831 conjungenda
1190 3777 1249 3812 esar

172 3834 311 3910 (uliqwd.
324 3836 365 3891 Id.
729 3842 811 3894 Verba
830 3840 971 3895 uComiou·
989 3853 1017 3895 et
1032 3840 1156 3893 «virtum
1167 3839 1244 3891 Both.

210 3934 253 3984 ¹9·
274 3917 345 3973 com.
361 3919 454 3990 Vulgo
471 3918 596 3972 oontinue
620 3918 685 3974 seri-
772 3940 817 3974 oo.
829 3921 970 3993 Despectus.
981 3920 1032 3973 tto
1042 3921 1110 3974 Dan.
1123 3920 1244 3989 despecta.

167 3995 236 4049 bunt
248 4001 289 4050 eis
304 3998 403 4052 Comica
412 4038 419 4066 ,
429 3999 625 4071 quodwhtm
634 4018 684 4072 per
729 3999 808 4054 Lind
