2684 4830
244 325 545 394 DISSERTATIO
574 325 693 394 NOVI
719 325 945 396 EDITORIS.
1054 354 1134 400 xxxi

60 461 157 531 satius
172 483 247 528 esse
262 456 471 526 benefacere
488 481 589 551 quam
605 456 693 525 bene
710 455 837 551 dicere3
848 482 917 526 non
932 474 1042 530 autem
1057 458 1139 534 inde¹

59 567 168 662 colligi
179 565 292 650 debet,
300 565 410 632 virum
425 565 482 658 qui
497 587 619 658 magna
634 563 714 657 egit,
730 561 896 633 litterariae
909 562 1014 635 laudis
1023 570 1133 640 studio

59 674 195 743 minimo
231 671 375 758 moveri,
402 684 437 739 et
463 668 631 739 bellatoris
663 667 839 762 cujuslibet
864 670 988 741 famam
1022 678 1135 770 magni

59 780 230 875 scriptoris
250 777 340 847 fama
365 776 542 870 justiorem
566 801 636 846 esse
656 799 695 844 ac
719 774 905 845 clariorem.
925 779 1016 850 Num
1040 777 1133 870 licet,

58 911 187 981 quaeso,
205 886 422 954 Terentianus
443 881 588 970 fabulas,
605 897 784 978 propterea
799 882 889 977 quod
902 885 1088 978 perfectum
1101 902 1136 957 et

56 991 249 1062 absolutum
269 1015 356 1085 opus
376 989 558 1085 legentium
584 990 731 1058 omnium
750 989 874 1083 judicio
895 1008 1133 1085 agnoscuntur,

55 1100 118 1169 viri
138 1099 197 1193 qui
215 1099 251 1167 in
273 1096 390 1167 castris
410 1096 480 1166 fere
498 1110 604 1165 totam
622 1110 753 1166 aetatem
767 1096 914 1170 traduxit
931 1100 1058 1168 nomini
1078 1124 1136 1196 po-

55 1206 122 1275 tius
142 1204 349 1291 adscribere,
365 1227 465 1297 quarn
480 1202 624 1272 hominis
643 1203 700 1297 qui
719 1200 850 1298 placido
868 1201 1053 1274 litterarum
1072 1222 1137 1277 stu·

56 1311 113 1382 dio
127 1311 261 1381 deditus
273 1307 383 1379 vixit?
400 1311 479 1380 Non
493 1310 601 1378 inerat
617 1307 747 1378 illarum
768 1323 903 1379 aetatum
921 1312 1135 1406 optimatibus

55 1419 210 1513 quaedam
228 1417 400 1486 urbanitas
420 1415 624 1486 scholasticis
645 1430 680 1484 et
695 1415 764 1484 fere
784 1416 891 1485 dicam
903 1416 1136 1492 umbratilibus

57 1527 139 1594 viris
158 1525 348 1620 incognita,
373 1524 450 1617 quia
471 1548 592 1618 nempe
612 1521 703 1590 nulla
721 1535 794 1590 erat
814 1521 909 1610 aula,
928 1521 1011 1592 nulli
1025 1526 1132 1596 aulici.

59 1632 94 1700 Si
105 1631 149 1699 ad
158 1631 314 1700 servilem
320 1631 468 1699 Terentii
483 1629 709 1699 conditionem
724 1631 942 1722 spectaveris,
953 1654 1022 1699 non
1036 1631 1137 1703 debet

56 1737 183 1808 idcirco
201 1737 381 1815 existimari
400 1761 475 1804 eum
498 1760 567 1806 non
588 1735 674 1804 bene
695 1734 873 1803 educatum
896 1759 966 1804 esse
988 1751 1022 1805 et
1041 1739 1135 1809 insti·

56 1858 185 1928 tutum,
203 1844 294 1938 quod
316 1843 380 1911 fuit
397 1866 536 1911 servus:
555 1839 738 1936 permultos
757 1843 845 1908 enim
863 1866 1036 1912 recensere
1054 1844 1133 1915 licet

57 1949 181 2044 quibus
197 1952 285 2019 inter
299 1949 511 2035 servitutem,
527 1949 695 2042 ingenium
708 1947 844 2015 minime
859 1946 981 2016 servile
994 1950 1136 2021 eminuit

57 2059 158 2151 atque
178 2055 329 2125 invaluit.
354 2057 463 2123 Immo
487 2053 577 2149 apud
598 2067 729 2122 veteres
751 2054 925 2122 exstabant
942 2057 1030 2124 servi
1042 2060 1135 2127 omni

56 2160 219 2232 litteraria
240 2160 338 2231 laude
354 2162 482 2249 ornati,
495 2162 552 2255 qui
567 2158 790 2230 litteratorum
807 2160 983 2229 hominum
1000 2166 1135 2234 nomine

56 2269 302 2339 vendebantur.
321 2269 482 2338 Venimus
503 2267 546 2335 ad
564 2267 598 2335 id
622 2266 713 2362 quod
739 2267 801 2336 sub
825 2266 925 2336 finem
957 2268 1022 2338 loci
1044 2272 1136 2340 citati

55 2373 190 2471 legitur,
208 2374 333 2445 scilicet
348 2378 484 2443 Poetam
505 2375 614 2468 ipsum
636 2375 731 2443 fateri
753 2398 788 2443 se
807 2375 955 2468 Scipioni
973 2399 1012 2444 ac
1031 2375 1135 2446 Laelio

56 2506 155 2550 suum
178 2505 302 2551 nomen
316 2480 781 2568 commodavisse'Quantum
800 2479 910 2548 valeat
926 2495 959 2548 et
976 2484 1011 2550 in
1033 2507 1134 2576 quam

56 2603 188 2682 partem
211 2589 317 2682 accipi
339 2587 458 2655 debeat
478 2584 532 2654 illa
555 2586 736 2674 confessio,
750 2587 776 2655 si
797 2589 848 2654 vis
870 2586 1135 2681 deprehendere,

57 2709 232 2764 auctorem
254 2696 364 2789 ipsum
382 2697 567 2788 interroges
589 2716 722 2762 necesse
739 2707 809 2780 est,
831 2694 882 2788 cuj
890 2719 927 2762 us
948 2693 1041 2765 locus
1061 2695 1135 2767 talis

57 2814 133 2869 est:
158 2830 176 2865 a
199 2803 287 2871 Nam
312 2800 403 2895 quod
423 2801 477 2869 isti
498 2800 616 2869 dicunt
639 2798 808 2884 malevoli,
834 2801 986 2872 homines
1008 2803 1135 2873 nobiles

74 2995 76 2998 ,
138 2941 216 3006 Eum
231 2947 379 3028 adjutare,
395 2947 568 3025 assidueque
582 2966 640 3007 nna
655 2946 798 3016 scribere,

138 3044 229 3116 Quod
243 3045 285 3103 illi
300 3043 486 3103 maledictum
498 3045 654 3103 vehemens
668 3062 730 3103 esse
743 3044 923 3113 existimant,

101 3218 104 3226 Ι
139 3145 213 3200 Eam
227 3141 342 3200 laudem
357 3141 405 3200 hic
422 3141 504 3200 ducit
516 3141 687 3213 maximam,
705 3163 796 3219 quum
809 3143 866 3200 illis
879 3144 989 3221 placet,

139 3223 201 3311 Qui
214 3237 297 3298 vobis
309 3239 453 3298 universis
465 3253 494 3297 et
508 3240 621 3318 populo
632 3241 764 3317 placent3

142 3340 278 3410 Quorum
292 3356 383 3415 opera
396 3337 427 3394 in
439 3335 534 3409 bello,
546 3337 577 3392 in
591 3337 669 3409 otio,
681 3336 712 3393 in
728 3335 864 3415 negotio,

139 3437 201 3493 Suo
214 3434 338 3514 quisque
354 3449 487 3513 tempore
504 3433 596 3494 usu‘st
609 3433 671 3493 sine
687 3434 863 3513 superbia.»

27 3571 29 3576 ¹
59 3580 148 3669 Quis
165 3581 202 3647 in
220 3579 272 3650 his
282 3575 391 3650 verbis
408 3606 477 3650 non
488 3593 649 3674 agnoscat
662 3605 849 3650 sermonem
866 3581 1011 3650 auctoris
1027 3595 1136 3674 patro-
1190 3599 1191 3602 ’
1277 3569 1280 3574 ’

59 3710 123 3755 nos
145 3688 461 3774 commemorantis,
491 3712 574 3780 quos
598 3686 674 3756 vult
697 3712 764 3757 suae
786 3689 888 3782 ipsius
918 3687 1014 3756 famae
1037 3689 1136 3757 inser·

61 3792 149 3881 vire,
167 3817 318 3887 quosque
342 3794 378 3862 in
396 3807 524 3888 partem
543 3791 649 3863 laudis
667 3819 708 3864 ex
722 3818 823 3889 opere
834 3809 946 3889 ¹partae
962 3809 1062 3865 vocat
1074 3793 1108 3862 ¹?

105 4016 130 4050 r.
144 3996 259 4069 Adelph.
276 3998 347 4071 prol.
359 4017 387 4054 v.
405 3995 449 4063 15,
456 4016 514 4070 sqq.
