2684 4830
408 343 667 412 aueronu
688 343 916 413 nouare.
1068 299 1070 308 ’
1144 367 1205 413 ω

129 477 248 558 tuisse,
268 477 326 568 qui
355 489 434 544 tunc
458 474 694 545 adolescentuli
719 476 830 563 fuere,
851 499 951 570 quarn
981 479 1028 545 C.
1054 476 1205 571 Sulpicio

96 631 99 638 «
130 580 249 668 Gallo,
264 580 400 649 homine
416 581 538 667 docto,
555 595 588 650 et
611 584 668 676 qui
687 582 918 652 consularibus
931 581 953 606 ¹¹
971 581 1056 651 ludis¹
1074 585 1204 652 initium

131 688 247 756 fecerit
268 686 470 755 Fabularum
493 687 694 757 dandarum:
711 687 764 757 vel
789 689 833 777 Q.
856 690 958 757 Fabio
979 687 1153 776 Labeone,
1171 703 1206 758 et

132 795 179 861 Μ.
202 792 355 889 Popilio,
377 793 543 864 consulari
558 808 720 889 utroque,
734 819 773 863 ac
786 810 895 890 poeta.
913 795 995 864 Ideo
1013 796 1122 889 ipsum
1138 819 1206 863 non

127 900 269 992 juvenes
287 899 496 995 designasse,
510 901 615 996 qui-s'e
630 900 793 994 adjuvisse
805 900 1006 985 dicerentur,
1024 900 1085 970 sed
1101 901 1207 989 viros,

131 1030 276 1100 quorum
296 1031 454 1100 operam,
468 1021 502 1077 et
515 1009 552 1075 in
564 1005 670 1093 bello,
683 1021 717 1076 et
730 1007 765 1074 in
785 1008 878 1094 otio,
894 1022 927 1077 et
945 1009 979 1076 in
996 1008 1206 1102 negotiopo-

131 1109 232 1206 pulus
250 1114 294 1181 sit
314 1127 480 1207 expertus:
499 1115 580 1182 Post
600 1112 707 1182 editas
723 1112 919 1183 Comoedias.
933 1113 1082 1182 nondum
1105 1114 1207 1206 quiu-

132 1233 205 1286 tum
230 1233 330 1312 atque
352 1220 559 1312 trigesimum
578 1243 732 1313 egressus
754 1243 898 1302 annum,
924 1242 1024 1287 causa
1047 1216 1225 1287 evitanda

133 1325 322 1418 opinionis,
342 1327 419 1418 quia
441 1324 619 1393 videbatur
639 1323 744 1393 aliena
765 1350 828 1420 pro
847 1326 915 1393 suis
931 1324 1046 1408 edere,
1063 1349 1120 1391 seu
1140 1349 1210 1419 perr

133 1430 279 1524 cipiendi
300 1433 494 1500 Graecorum
517 1432 656 1500 institua
677 1455 874 1524 moresque,
896 1456 981 1524 quos
994 1430 1137 1525 -periude
1153 1456 1208 1500 ex·

134 1538 293 1631 primeret
315 1539 350 1604 in
368 1538 518 1632 scriptis,
535 1561 686 1631 egressus
704 1537 822 1606 urbem
845 1551 912 1623 est,
934 1561 1043 1631 neque
1067 1535 1216 1632 amplius.

134 1642 244 1711 rediit.
269 1646 322 1712 De
341 1657 450 1714 morte
468 1644 539 1737 ejus
560 1641 733 1713 Volcatius
754 1642 873 1711 tradit:

218 1842 295 1916 Sed,
311 1856 342 1901 ut
354 1826 425 1902 Afer
438 1863 487 1902 sex
500 1843 612 1920 populo
626 1841 708 1901 dedit
722 1842 900 1911 Comoedias,

218 1945 279 1998 Iter
292 1940 361 1998 hinc
374 1941 405 1998 in
421 1940 519 1999 Asiam
534 1940 612 1997 fecit.
626 1939 732 1997 Navim
748 1959 838 2016 quum
853 1941 941 1998 semel
951 1954 975 1978 ¹²
1062 2005 1065 2015 ‚

219 2036 408 2110 Conscendit,
423 2037 500 2095 visus
512 2056 662 2115 nunquam
674 2051 726 2096 est.
738 2037 786 2097 Sic
800 2038 857 2096 vita
873 2048 964 2095 vacat.

192 2234 237 2321 Q.
258 2234 442 2302 Cosconius
458 2219 482 2256 ¹³
504 2233 740 2303 redeuntema
762 2235 893 2304 Graecia
915 2234 1050 2327 periisse
1069 2234 1103 2300 in
1129 2233 1211 2301 mari

137 2341 221 2409 dicit
238 2365 315 2409 curn
333 2355 469 2409 centurn
487 2355 521 2408 et
537 2355 614 2409 octo
628 2339 775 2428 Fabulis,
789 2341 960 2409 conversis
977 2363 995 2406 a
1010 2338 1211 2406 Menandro.

138 2447 265 2515 Caeteri
284 2460 454 2514 mortuum
471 2471 541 2516 esse
560 2447 594 2514 in
612 2446 762 2517 Arcadiae
772 2443 969 2541 Stymphale
985 2432 1019 2530 ¹⁴,
1035 2446 1103 2513 sive
1121 2446 1213 2513 Leu-

139 2553 237 2621 cadia
253 2553 408 2639 tradunt,
426 2551 662 2622 Cn.·Cornelio
677 2552 871 2634 Dolabella,
891 2554 941 2619 M.
965 2549 1082 2618 Fulvio
1109 2548 1213 2618 Nobi-

140 2658 225 2727 liorc
244 2662 338 2728 Coss.
353 2659 472 2727 morbo
491 2657 687 2753 implicitum
706 2650 793 2744 acri,
808 2657 925 2727 dolore
940 2681 979 2726 ac
997 2655 1096 2726 taedio
1118 2656 1215 2724 amis·

144 2788 257 2833 sarum
280 2767 485 2835 sarcinarum
501 2750 537 2851 ¹⁵,
553 2789 635 2858 quas
661 2765 696 2832 in
718 2766 796 2832 navi
818 2765 1040 2858 praemiserat,
1064 2787 1103 2832 ac
1119 2761 1216 2831 simul

143 2868 346 2938 Fabularum
372 2896 454 2964 quas
474 2895 577 2939 novas
602 2871 738 2941 fecerat.
770 2871 883 2942 Fuisse
912 2870 1034 2938 dicitur
1059 2867 1218 2942 mediocri

144 2991 289 3065 statura,
301 2977 414 3072 gracili
429 3002 590 3071 corpore,
608 2974 720 3047 colore
738 2977 842 3047 fusco.
860 2975 1007 3070 Reliquit
1014 2973 1132 3059 filiam,
1145 2999 1218 3068 quae

190 3223 234 3258 11.
246 3204 286 3256 Et
299 3205 340 3276 qui
353 3203 531 3256 consularibus.
544 3205 578 3257 R.
591 3206 660 3275 cujus
705 3203 760 3256 Alii
774 3207 799 3255 iu
812 3202 923 3255 Arcadia
936 3201 1072 3275 Stymphali
1085 3203 1218 3274 siuusAu·

145 3283 319 3336 consularibus.
330 3281 409 3336 Lind.
419 3283 542 3336 Muretus
553 3283 663 3354 conjicit
705 3283 795 3336 souius
810 3280 844 3334 ad
858 3282 988 3336 Ursulum
1004 3280 1039 3335 de
1051 3282 1155 3336 senario
1170 3301 1221 3335 nu·

148 3363 310 3416 Consualibus
328 3362 412 3414 ludis:
434 3361 481 3415 sed
501 3362 586 3415 Faber
604 3363 663 3417 vult
706 3381 781 3415 mero
802 3379 810 3414 τ
832 3361 969 3415 «Protulit
986 3361 1015 3413 in
1030 3380 1135 3414 scenam
1155 3375 1222 3432 quot

146 3444 201 3515 legi
215 3443 361 3496 Cerealibus.
374 3444 456 3494 Zeun.
707 3439 825 3494 dramata
839 3441 1021 3503 Fabellarum,
1037 3440 1157 3494 Arcadia
1167 3459 1222 3494 me·

192 3542 236 3577 12.
244 3523 496 3592 Navimquumsemel.
504 3522 555 3574 Ms.
565 3519 663 3574 Danie-
709 3519 755 3574 dio
768 3521 815 3593 qui
828 3523 897 3590 jacet
909 3522 938 3573 in
951 3521 1053 3592 grenuo
1061 3520 1092 3573 l»
1107 3520 1182 3575 Lind.

147 3603 182 3656 lis
195 3603 284 3656 Nasim
296 3615 324 3654 ut
335 3602 414 3653 semel.
423 3600 503 3653 Lind.
751 3600 795 3655 15.
811 3599 978 3653 Saminnrm.
997 3599 1042 3652 Nil
1061 3600 1153 3653 verius
1171 3599 1222 3652 hac

194 3681 239 3735 13.
249 3683 283 3751 Q.
293 3682 434 3734 Cosconius.
442 3682 484 3734 Ita
493 3698 525 3732 ex
533 3679 598 3732 Mes.
608 3678 665 3731 edi·
709 3680 929 3752 lectione,quem
941 3698 1032 3731 omues
1043 3680 1133 3752 scripti
1141 3677 1221 3733 codd.

150 3761 253 3826 dimus3
266 3761 339 3831 vulg.
353 3761 480 3812 hactenus
494 3759 545 3812 luit
557 3759 664 3811 Consen-
709 3760 873 3830 praeferunt,
893 3770 1003 3829 excepto
1024 3778 1098 3825 uno,
1118 3759 1147 3811 in
1162 3777 1223 3830 quo

153 3845 207 3894 tius.
225 3840 385 3894 Cosconium
406 3837 497 3892 laudat
510 3841 615 3904 Varro,
632 3837 666 3890 de
707 3839 850 3906 fabularum
866 3849 929 3891 erat.
945 3839 1033 3908 Vulgo
1048 3838 1175 3892 hactenus
1189 3838 1225 3889 le·

153 3918 233 3973 Lind.
244 3921 302 3973 Lat.
314 3920 362 3972 lib.
375 3939 402 3973 v.
412 3919 451 3972 lu.
466 3919 518 3971 Alii
534 3919 666 3971 Comstius.
712 3919 785 3990 gitur
797 3932 934 3989 satyrarum
943 3939 953 3980 ,·
962 3916 1008 3970 sed
1020 3916 1094 3971 idne
1106 3915 1225 3970 titivilitii

197 4006 241 4062 τά.
261 4000 384 4053 Mortuum
399 4002 486 4051 esseio
501 3997 619 4052 Arcadia
629 3997 668 4051 St.
714 3997 832 4071 quidem.
844 3998 885 4052 ld.
1040 4003 1042 4008 ’

1024 4089 1067 4171 bi
