2670 4822
542 362 784 432 PERLETL
1128 389 1196 436 mu

124 499 230 569 Gabr.
252 499 371 566 Faemi
388 496 576 566 Editionem
594 495 713 564 deinde
729 497 853 562 Parcus
868 495 1068 588 sequebatur
1083 496 1144 584 ita,
1158 514 1197 568 ut

124 606 167 672 ab
186 630 224 672 ea
240 606 413 672 minimum
427 602 594 671 discedere
609 601 670 671 sibi
685 600 754 669 fere
769 599 905 669 duceret
922 599 1081 695 religioni.
1095 609 1196 674 Bent-

124 710 208 779 leius
227 711 262 778 in
284 736 345 779 usu
367 709 513 777 habebat
533 707 751 801 Anglicanos,
772 707 895 801 Regios
918 730 957 774 ac
980 711 1195 780 veterrimum

124 817 293 893 codicem,
306 840 405 910 quem
421 816 561 884 aestimat
572 836 649 907 900
664 836 840 880 annorum.
851 815 1005 881 Muretus
1020 815 1107 882 inter
1119 842 1196 886 suos

125 925 252 991 Msstos
270 925 436 991 Venetum
454 916 597 989 maxime
614 918 735 987 laudat.
756 921 917 987 Veruma
935 922 1040 987 Pareo
1058 922 1198 991 Palatini

124 1029 273 1097 numeris
295 1051 389 1115 1,2,
410 1024 453 1114 3,
473 1030 517 1113 d,
542 1023 585 1111 5,
606 1024 724 1119 singuli
746 1038 972 1112 recensentur,
985 1050 1127 1120 quorum
1149 1027 1197 1097 le-

124 1136 253 1203 ctiones
271 1158 340 1202 non
354 1157 484 1227 semper
493 1133 628 1226 optimae
645 1145 734 1200 notae
746 1145 920 1224 apparent.
941 1133 1001 1200 His
1017 1147 1127 1201 tamen
1146 1135 1197 1202 vi·

124 1239 225 1309 liores
245 1239 388 1327 offendi,
405 1261 487 1332 quas
509 1238 597 1306 idem
619 1239 654 1305 in
681 1238 830 1330 margine
857 1236 1020 1306 Editionis
1047 1264 1113 1307 suae
1134 1265 1197 1334 pro

124 1348 226 1415 variis
240 1346 394 1440 apposuit
411 1369 429 1413 e
447 1345 560 1413 codice
573 1343 746 1412 Parisiensi
764 1342 964 1437 desumptas.
983 1344 1087 1436 Cujus
1107 1348 1196 1414 enim

125 1451 249 1521 codicis
267 1454 433 1520 variantes
455 1450 612 1520 lectiones
627 1473 713 1542 saepe
735 1473 803 1516 non
826 1447 931 1543 pluris
952 1473 1052 1543 quam
1081 1449 1197 1545 glossae

127 1559 309 1627 existimari
329 1572 507 1627 merentur.
534 1554 656 1646 Quoad
677 1569 864 1624 ceterorum
890 1553 1061 1644 lectiones,
1096 1557 1216 1657 modo,

126 1666 232 1758 magis
252 1663 463 1758 placuerunt,
484 1663 585 1732 modo
597 1663 718 1730 miuus.

180 1773 290 1839 Venio
312 1794 402 1839 nunc
430 1770 472 1839 ad
492 1769 667 1840 Gothanos
688 1767 817 1836 codices
833 1768 932 1836 ambo
949 1767 1134 1863 explicitius
1148 1771 1198 1839 in·

126 1875 296 1946 dicandos.
318 1877 554 1944 Membraneus
576 1873 708 1942 videtur
728 1875 896 1966 antiquior
918 1898 988 1942 esse
1009 1875 1196 1945 chartaceo.

128 1984 279 2076 Scriptus
293 1997 342 2050 est
354 1983 519 2051 continuis
528 1981 638 2067 lineis,
651 2003 714 2048 nec
728 1979 880 2047 versibus
889 1978 1072 2048 distinctus.
1089 1983 1198 2051 Habet

127 2086 261 2156 notulas
277 2089 446 2183 partimin
460 2087 609 2180 margine
623 2085 789 2179 appositas
799 2139 809 2170 ,
818 2085 940 2179 partim
960 2084 1195 2158 interlineares.
1220 2158 1222 2163 Α

128 2195 256 2261 Verum
271 2193 391 2262 accidit
409 2191 500 2260 haud
516 2215 592 2260 raro
603 2241 613 2275 ,
626 2205 666 2259 ut
677 2188 768 2284 quod
784 2192 818 2260 in
828 2193 977 2285 margine
992 2195 1035 2260 sit
1048 2192 1197 2289 adscrip-

128 2313 216 2387 tum,
238 2300 274 2366 in
291 2299 429 2367 dubium
449 2300 580 2386 veniat,
601 2312 714 2366 utrum
738 2322 801 2391 pro
825 2311 919 2392 parte
940 2312 1113 2368 contextus
1136 2300 1196 2369 ha-

128 2405 256 2492 beatur,
271 2429 316 2473 an
329 2431 391 2500 pro
406 2404 524 2499 glossa.
543 2407 699 2473 Ceterum
719 2428 792 2497 quae
804 2428 865 2472 nos
880 2418 1019 2498 puncta,
1034 2406 1079 2474 sic
1092 2405 1197 2495 dicta,

129 2535 252 2604 ponere
277 2510 438 2595 solemus,
458 2509 521 2580 illae
539 2509 676 2611 virgulae
697 2523 791 2597 sunt,
810 2525 849 2578 ut
862 2512 903 2578 sit
921 2536 948 2578 e.
964 2535 992 2578 c.
1014 2512 1194 2606 incipiam,

130 2616 215 2709 quod
236 2617 324 2685 idem
342 2617 441 2686 hodie
462 2631 755 2710 repraesentamus,
774 2619 945 2710 incuriam.
960 2619 1086 2685 Contra
1100 2618 1196 2687 char·

130 2736 241 2792 taceus
256 2739 382 2818 puncta
399 2723 551 2806 exhibet,
566 2723 615 2790 uti
629 2722 704 2790 libri
717 2737 891 2791 nostrates.
906 2723 1083 2792 Chartacei
1101 2725 1197 2793 codi-

131 2830 188 2914 cis,
210 2831 364 2923 quamvis
382 2829 589 2915 recentioris,
607 2830 769 2922 scriptura
796 2842 908 2898 tamen
925 2828 1093 2922 aliquanto
1109 2830 1196 2900 diffi-

131 2933 220 3003 eilior
240 2950 292 3004 est
314 2934 513 3030 legentibus,
537 2932 580 3002 ad
600 2935 666 3003 hoc
684 2935 768 3001 mira
788 2935 1041 3030 orthographia,
1067 2951 1106 3004 ut
1121 2937 1197 3006 tte·

131 3045 234 3111 renen·
249 3067 312 3136 pro
334 3046 491 3111 Terentii.
505 3041 650 3109 Nomina
664 3064 882 3134 personarum
899 3060 992 3128 sunt,
1007 3056 1046 3109 ut
1061 3067 1132 3111 mos
1146 3059 1197 3113 est

130 3148 226 3214 etiam
248 3147 407 3235 aliorum,
425 3148 528 3216 minio
547 3161 680 3215 exarata
698 3145 751 3214 vel
772 3147 869 3240 picta.
890 3150 1064 3241 Leguntur
1074 3148 1117 3217 ad
1129 3150 1196 3218 cal·

131 3277 200 3320 cem
221 3253 295 3322 hacc
310 3279 318 3321 :
332 3256 446 3348 finivit
476 3243 671 3346 (librarius)
686 3252 846 3341 fili‘cr‘ter
866 3254 1029 3323 therencz‘i
1047 3279 1134 3324 com.
1160 3263 1196 3326 in

130 3359 256 3453 oppido
271 3361 456 3454 eslingensi
465 3359 529 3428 rub
548 3355 642 3428 anno
660 3359 717 3427 dm
736 3351 910 3450 (domini)
928 3362 1092 3430 milesimo
1113 3387 1197 3456 qua·

129 3466 390 3559 drr'ngentest'mo
413 3470 664 3562 septuagesimo
688 3491 708 3534 2
725 3466 771 3534 do
785 3491 795 3532 .·
811 3469 891 3536 Haec
909 3466 1055 3535 conditio
1075 3467 1196 3538 codicis

129 3570 250 3639 horum
270 3573 441 3665 utriusque
461 3573 614 3641 exterior.
627 3573 742 3660 Quum
764 3586 891 3640 textum
916 3597 1032 3641 eorum
1047 3574 1195 3667 conside-

129 3701 270 3764 rassem,
284 3676 330 3745 nil
343 3679 404 3748 nisi
418 3682 452 3747 in
468 3679 581 3773 paucis
596 3702 708 3746 euma
726 3678 917 3748 Bentleiano
933 3693 1031 3771 atque
1045 3679 1122 3766 illo,
1139 3682 1196 3774 qui

129 3784 258 3851 Brunsii
289 3784 411 3854 codicis
432 3800 482 3854 est
505 3784 675 3871 Halensis,
709 3785 898 3879 discrepare
921 3800 1076 3879 expertus
1108 3812 1194 3855 sum.

128 3889 225 3957 Unde
239 3889 335 3958 facile
356 3893 417 3959 erit
439 3893 616 3986 suspicari,
630 3890 693 3961 hos
711 3916 826 3961 omnes
842 3891 948 3962 libros
967 3916 1008 3960 ex
1021 3918 1089 3961 uno
1105 3892 1197 3961 fonte

127 3994 469 4067 mmmmsmmmm.
