2684 4830
138 423 205 469 vm
335 398 592 468 PRAEFATIO
620 384 1028 470 Nov1En1TOR18

137 630 263 687 nunc
293 629 390 688 non
416 601 663 687 tentemus!
686 595 875 688 fortasse
905 627 993 686 non
1019 615 1117 684 erut
1142 595 1210 684 lus

138 762 290 868 locus;
313 754 392 845 sed
413 753 849 871 laborum,virtutis
876 775 922 844 et
945 752 1074 843 famae
1099 787 1208 844 con-

139 917 326 1007 scientia
341 935 586 1005 contentus
604 919 748 1005 vivat!
765 928 1005 1040 nunquam
1024 915 1090 1002 illi
1109 914 1210 1003 dee·

136 1074 198 1162 rit
220 1105 304 1161 nec
327 1075 485 1194 patriae
507 1106 592 1163 nec
610 1073 889 1196 posteritatis
911 1073 1148 1162 memoria.

199 1232 404 1320 Veniunt
426 1264 550 1321 nunc
573 1263 740 1357 eaquae
759 1263 856 1320 non
874 1228 931 1318 ad
954 1231 1106 1352 ipsum
1124 1233 1209 1318 Te·

137 1391 274 1476 rentii
289 1409 467 1477 textum
481 1392 699 1503 attinent,
720 1387 798 1479 sed
813 1420 913 1513 quae
932 1421 1027 1477 non
1042 1386 1109 1476 sas
1123 1390 1209 1477 erit

138 1549 372 1661 omittere,
404 1547 491 1634 nisi
514 1577 728 1635 mancam
752 1578 940 1668 prorsus
972 1566 1018 1634 et
1044 1547 1211 1667 imper·

98 1812 101 1817 ι
138 1701 308 1793 sectam
341 1703 536 1792 volueris
565 1737 660 1793 esse
693 1705 869 1794 Comici
896 1702 1033 1823 hujus
1058 1702 1212 1792 editio-

138 1893 259 1948 nem.
283 1859 462 1949 Scilicet
482 1859 537 1950 de
551 1865 645 1987 vita
659 1858 952 1975 Terentii,de
967 1857 1209 1973 comoedia,

139 2015 195 2105 de
216 2014 403 2132 fabulis,
423 2015 478 2106 de
497 2017 706 2131 theatris,
723 2015 939 2131 deludis,
959 2036 1004 2105 et
1028 2048 1212 2138 praeser-

137 2175 225 2263 tim
258 2172 620 2300 Megalensibus,
656 2173 974 2297 praemittenda
1004 2172 1211 2297 quaedam

138 2334 393 2422 necessario
425 2353 574 2446 erant,
611 2334 706 2420 sine
740 2330 907 2458 quibus
941 2331 1089 2419 multa
1116 2364 1211 2420 non

137 2492 393 2614 potuissent
415 2490 621 2615 intelligi.
642 2486 861 2579 Restabat
878 2521 972 2577 una
996 2456 1210 2612 quaestio,

140 2649 283 2739 ardua
311 2648 583 2765 admodum,
613 2647 735 2739 etde
759 2681 850 2773 qua
873 2647 1074 2737 multum
1092 2649 1213 2734 inter

143 2841 189 2896 se
208 2806 332 2897 docti
351 2805 854 2929 saepius'dissenserunt,
874 2806 992 2895 ratio
1005 2802 1214 2893 videlieet

141 2986 399 3057 metrorum
430 2967 827 3055 Terentianorum.
869 2968 1028 3081 Quum
1060 2982 1215 3051 autem

141 3158 226 3215 nos
249 3155 434 3248 quoque
458 3127 508 3213 in
534 3120 606 3211 his
631 3123 851 3248 angustiis
881 3119 1213 3233 sudaverimuS,

140 3284 256 3373 nihil
276 3285 415 3373 satius
435 3284 584 3372 visum
598 3314 741 3406 quam
758 3281 950 3371 omnino
974 3281 1102 3405 sequi
1109 3283 1216 3367 We-

142 3440 424 3533 sterhovium
446 3440 476 3528 l.
498 3473 535 3529 c.
559 3437 799 3529 dicentem.
821 3441 965 3528 «Sane
985 3440 1065 3561 qui
1081 3438 1218 3525 ratio-

142 3631 251 3688 nem
287 3599 526 3689 metricam
554 3599 601 3685 in
632 3599 843 3688 Terentio
873 3597 1006 3687 certis
1039 3593 1217 3719 legibus

142 3759 348 3846 innixam
376 3756 732 3880 adstrictamque
753 3754 861 3845 dare
878 3755 1022 3868 volet,
1042 3754 1215 3840 Teren·

141 3920 260 4008 tium
274 3918 423 4039 ipsum
438 3913 555 4005 forte
573 3935 619 4004 et
629 3915 817 4003 Laelium
831 3933 875 4001 et
886 3914 1142 4035 Scipionem
1156 3909 1215 3998 ab

142 4075 298 4167 inferis
321 4077 485 4166 excitet
502 4107 684 4165 necesse
704 4093 783 4178 est.
799 4069 925 4163 Vidit
943 4091 989 4163 et
1016 4071 1215 4194 ingenue
